1720 2848
96 242 132 273 45

94 635 131 666 49

89 972 126 1002 50

165 120 218 156 30
677 120 817 153 cAPUT
842 120 864 155 1.
891 123 910 162 ς·
936 124 1078 155 47—50.

166 237 308 275 tentiae
340 249 476 274 omnes
507 236 632 274 litium
663 248 705 273 ac
739 235 993 274 consiliorum
1016 236 1213 286 explicant
1242 236 1374 275 artes?
1410 238 1593 277 Adfectus

165 293 320 343 quidem
338 293 396 330 vel
419 292 504 330 illos
526 292 638 330 mites
655 291 711 329 vel
734 292 804 329 hos
830 292 1058 336 concitatos,
1082 304 1196 330 nemo
1213 293 1283 330 erit
1303 300 1379 331 tam
1398 292 1590 341 indoctus,

165 349 230 399 qui
265 362 344 387 non
367 349 405 386 in
430 361 497 385 sua
520 354 709 399 potestate
739 348 846 385 hunc
867 354 1065 385 auctorem
1089 348 1267 388 habuisse
1293 351 1469 388 fateatur,
1511 351 1590 399 Age

165 418 276 449 vero,
310 418 388 443 non
424 408 463 443 in
495 405 699 453 utriusque
731 403 862 453 operis
890 404 950 442 sui
971 404 1148 453 ingressu
1172 405 1208 443 in
1234 406 1475 455 paucissimis
1504 418 1590 444 ver·

164 461 271 500 sibus
293 462 417 510 legem
442 461 732 511 prooemiorum
757 472 836 497 non
859 460 946 498 dico
968 461 1129 498 servavit
1150 462 1215 499 sed
1237 460 1468 501 constitnit?
1494 461 1590 500 Nam

166 518 398 556 benevolum
421 517 636 555 auditorem
662 516 907 554 invocatione
929 516 1110 563 dearum,
1138 529 1233 567 quas
1254 519 1475 568 praesidere
1497 518 1590 556 vati-

163 574 235 612 bus
257 574 446 611 creditum
471 580 548 618 est,
581 579 617 610 et
649 573 847 610 intentum
878 573 1079 623 proposita
1102 585 1233 611 rerum
1262 575 1530 624 magnitudine
1552 581 1591 612 et

162 630 327 668 docilem
364 627 528 667 summa'
551 629 731 667 celeriter
763 626 998 679 comprensa
1032 628 1133 666 savit.
1186 629 1350 668 Narrare
1378 643 1469 669 vero
1503 630 1589 681 quis

161 686 316 724 brevius
333 698 450 735 quam
468 686 533 736 qui
552 692 716 724 mortem
736 685 889 723 nuntiat
906 685 1085 730 Patrocli,
1103 685 1190 735 quis
1211 686 1494 736 significantius
1516 699 1587 737 po—

162 749 253 788 test,
287 754 403 792 quam
435 742 500 792 qui
522 742 707 780 Curetum
730 742 1036 792 Aetolorumque
1068 742 1259 791 proelium
1291 741 1479 794 exponit?
1510 742 1588 781 lam

159 798 444 844 similitudines,
467 799 800 849 amplificationes,
824 798 1012 848 exempla,
1036 798 1245 847 digressus,
1268 799 1377 848 signa
1401 811 1531 838 rerum
1551 806 1588 838 et

159 861 386 903 argumenta
409 861 617 905 ceteraque
633 867 771 905 yenera
793 854 985 904 probandi
1009 868 1051 892 ac
1070 855 1261 893 refutandi
1279 863 1370 893 sunt
1389 856 1437 894 ita
1456 855 1587 902 multa,

159 918 201 949 ut
222 911 337 949 etiam
359 911 423 961 qui
446 910 492 949 de
522 911 670 949 artibus
691 910 1129 1004 scripseruWQa
1161 924 1293 949 earum
1324 924 1455 950 rerum
1479 911 1587 950 testi-

157 967 288 1005 monia
310 967 356 1004 ah
379 967 453 1004 hoc
477 960 758 1017 poeffpetant.
800 967 896 1004 Nam
943 979 979 1016 pi
999 979 1095 1016 ogus
1117 968 1272 1016 quidem
1291 968 1378 1018 quis
1401 980 1586 1018 umquam

160 1023 304 1073 poterit
334 1022 407 1061 illis
439 1023 579 1061 Priami
611 1023 786 1073 rogantis
809 1022 984 1060 Achillen
1017 1023 1200 1072 precihus
1230 1024 1418 1073 aequari?
1455 1022 1586 1069 Quid?

159 1079 195 1117 in
220 1079 360 1125 verbis,
383 1080 601 1125 sententiis,
626 1080 771 1129 liguris,
794 1078 1050 1129 dispositione
1072 1079 1190 1117 totius
1211 1080 1341 1129 operis
1363 1093 1497 1118 nonne
1515 1081 1586 1118 hu-

157 1136 259 1174 mani
295 1135 440 1185 ingenii
472 1137 629 1174 modum
662 1134 841 1174 excedit?
879 1143 920 1173 ut
955 1135 1085 1185 magui
1121 1135 1170 1174 sit
1199 1136 1357 1174 virtutes
1392 1137 1474 1175 eius
1506 1149 1585 1175 non

201 1215 305 1252 artes,
329 1208 591 1254 ‘Kunstregeln'‚
618 1212 682 1245 wie
708 1214 729 1254 ξ
758 1215 807 1245 15.

201 1259 254 1290 48.
282 1257 508 1295 ,ΙᾱΙὲοίης-
528 1259 730 1290 concitatos.
777 1256 837 1289 Mit

156 1303 234 1334 [llos
260 1301 324 1334 und
346 1304 408 1333 lws
426 1302 541 1335 deutet
560 1302 671 1340 Quint.
698 1302 756 1334 auf
773 1302 835 1334 den

158 1346 348 1379 bekannten
386 1347 575 1389 Gegensatz
616 1348 675 1380 der
717 1347 834 1379 beiden

155 1394 257 1424 Arten
277 1402 343 1425 von
359 1392 747 1434 Geniutsbewegungen.
767 1393 834 1434 vgl.

157 1436 207 1475 Vl,
233 1438 264 1476 2,
291 1439 321 1477 S,
347 1447 412 1469 von
439 1437 548 1470 denen
573 1437 650 1477 das,
685 1447 756 1469 was
781 1438 834 1470 dic

154 1481 318 1514 Griechen
344 1479 466 1514 πάθος
484 1492 626 1526 neuneu,
652 1483 755 1515 durch
774 1483 834 1514 ad-

153 1527 268 1564 fecem·
282 1528 486 1568 concitam-r,
505 1527 595 1568 ἦθος
612 1528 713 1560 durch
733 1530 833 1558 mites

153 1571 433 1614 wiedergegeben
450 1573 573 1610 werde,
587 1573 653 1614 vgl.
669 1574 688 1613 ξ
701 1574 833 1614 73,101.

197 1618 274 1657 Age
305 1628 386 1648 vero
416 1618 615 1650 bezeichnet
640 1618 703 1650 deu
731 1618 833 1650 Uber-

152 1671 241 1703 gang
266 1672 306 1693 zu
333 1666 440 1694 etwas
468 1662 717 1704 Wichtigerem.

198 1709 383 1748 atr-Iusque
401 1727 442 1730 —
462 1710 640 1749 ingl-essu:
668 1709 736 1749 vgl.
755 1708 830 1740 Hor.

151 1753 213 1783 Ars
239 1755 328 1794 poet.
359 1754 420 1785 140
436 1752 457 1784 f.

197 1798 346 1835 vatibm,
365 1797 423 1830 der
441 1797 648 1830 seierlichere
667 1797 733 1829 und
753 1808 834 1838 poe-

153 1842 258 1874 tische
273 1842 450 1874 Ausdruck
465 1843 517 1875 sor
532 1846 647 1884 poeta,
668 1842 735 1884 vgl.
753 1842 831 1874 Tac.

151 1886 233 1919 [nal.
253 1888 284 1926 9,
303 1891 342 1919 3:
370 1888 525 1920 Saleium
543 1891 713 1928 nostrum,
735 1898 832 1928 egre-

145 1934 246 1973 gium
266 1936 458 1974 poetam,
485 1934 554 1973 vel,
578 1935 610 1963 si
635 1934 699 1965 hoe
725 1934 832 1964 Itono-

148 1977 346 2016 rificentins
392 1981 457 2017 est,
501 1977 831 2019 praeclarissimum

151 2025 303 2055 vatem.

193 2076 275 2098 nam
294 2068 496 2099 benevolum
510 2073 574 2101 cet.
594 2077 628 2099 er
642 2067 829 2109 entspricht

148 2112 211 2144 den
239 2111 529 2154 Ansorderungen.
560 2112 690 2144 welche
717 2112 827 2149 Quint.

148 2156 200 2194 lV,
230 2158 258 2195 1,
285 2159 303 2189 5
329 2166 369 2188 an
397 2157 456 2189 das
481 2158 681 2197 eaeor-dz'mn„
695 2156 800 2190 stelit.

193 2211 280 2243 qua-s·
296 2220 340 2224 ——
357 2202 531 2234 creditum
556 2205 614 2234 est.
663 2201 754 2234 Uber
775 2201 828 2233 die

150 2245 392 2280 Konstruktion
418 2247 486 2290 vgl.
517 2249 544 2287 1,
572 2249 644 2279 1255
670 2250 702 2286 4,
730 2249 756 2279 1.

192 2291 338 2324 docilem
351 2288 468 2324 ‘leicht
480 2292 616 2325 lernend
626 2289 635 2301 ’
653 2286 827 2324 oder‘aus-

147 2331 308 2369 sassend'.

193 2383 354 2413 celeriter
377 2376 534 2414 ‘schnell'
564 2381 594 2413 d.
616 2382 635 2414 i.
661 2378 735 2414 ‘mit
760 2391 828 2414 we-

147 2427 203 2468 nig
230 2423 390 2459 Worten'.

189 2473 243 2504 49.
271 2475 333 2513 qui
355 2490 400 2495 ——
423 2473 578 2505 nuntiat.
627 2471 828 2504 Antilochus

145 2516 238 2548 Hom.
267 2517 301 2548 ll.
328 2516 439 2555 XVlll,
467 2518 520 2549 20.

191 2561 358 2593 Curetum
368 2560 642 2602 —proeliu711,ll.
654 2560 707 2601 lX,
717 2562 781 2593 529
794 2560 826 2593 ff.

655 2606 829 2621 “Q—-

952 1212 1257 1253 amplificationes,
1276 1212 1435 1245 darunter
1452 1213 1585 1254 istjede

907 1256 1140 1299 Erweiterung
1164 1256 1222 1289 der
1240 1257 1458 1300 Vorstellung
1483 1258 1586 1290 durch

907 1301 1109 1344 Steigerung
1134 1302 1215 1335 oder
1240 1302 1395 1344 Hiiusung
1420 1302 1479 1335 des
1501 1305 1585 1335 Aus-

905 1346 1028 1379 drucks
1042 1357 1082 1379 zu
1099 1347 1288 1386 verstehen,
1307 1348 1373 1389 vgl.
1390 1347 1469 1387 Vlll,
1483 1350 1514 1386 4,
1532 1350 1583 1381 11.

951 1392 1132 1432 digressas
1156 1390 1366 1434 ‘Episoden’.

947 1438 1079 1477 signa,
1112 1437 1259 1477 aursei-e,
1301 1437 1486 1470 materielle
1524 1436 1583 1470 Be-

904 1481 1112 1522 weismittel,
1137 1482 1200 1514 wie
1219 1486 1365 1514 eruenta
1384 1484 1495 1524 vestis,
1514 1482 1584 1514 cla-

902 1536 979 1558 mor
1011 1537 1042 1558 u.
1074 1537 1104 1560 a.
1137 1527 1204 1569 vgl.
1234 1526 1271 1567 V,
1297 1529 1328 1567 9,
1356 1531 1387 1560 1:
1428 1527 1582 1560 Cruenta

903 1573 992 1602 enim
1026 1574 1128 1603 vestis
1153 1575 1185 1603 et
1220 1573 1353 1604 clamor
1377 1576 1411 1604 et
1436 1573 1526 1604 livor
1550 1576 1583 1604 et

902 1618 989 1648 talia
1015 1619 1098 1648 sunt
1115 1619 1361 1656 inser-amata,
1388 1618 1509 1660 qualia
1529 1621 1581 1649 ta-

902 1662 1013 1703 hulme,
1031 1672 1202 1703 rumores,
1225 1665 1336 1699 testes,
1362 1662 1580 1695 verschieden

904 1716 967 1738 von
988 1706 1176 1745 Beweisen,
1201 1707 1331 1740 welche
1356 1707 1416 1739 aus
1431 1707 1581 1740 Schluss-

903 1751 1122 1794 folgerungen
1152 1753 1310 1793 beruhen,
1335 1763 1364 1784 a.
1391 1763 1418 1785 a.
1442 1752 1478 1785 Ο.
1504 1754 1579 1794 §2:

902 1798 997 1838 quod
1020 1799 1136 1838 signu,
1162 1799 1235 1828 sive
1259 1797 1461 1829 indubitata
1485 1800 1580 1838 sunt,

902 1852 973 1873 non
1004 1845 1087 1873 sunt
1119 1846 1347 1884 argumenta,
1381 1844 1483 1884 quia,
1518 1844 1580 1874 ubi

902 1887 964 1918 illa
989 1890 1082 1925 sunt,
1108 1889 1266 1928 quaestio
1291 1898 1362 1919 non
1388 1890 1447 1929 est,
1473 1897 1579 1929 argu-

900 1935 1016 1964 mento
1049 1936 1166 1964 antem
1196 1934 1269 1964 nisi
1298 1935 1335 1964 in
1365 1944 1405 1964 re
1440 1936 1580 1966 contro-

902 1988 1000 2009 versa
1033 1978 1129 2008 locus
1157 1988 1228 2009 esse
1252 1988 1322 2009 nou
1342 1981 1478 2019 potest:
1508 1980 1578 2009 sive

899 2023 1023 2062 dubia,
1057 2033 1127 2053 non
1151 2025 1236 2053 sunt
1259 2025 1485 2063 argumenta,
1518 2022 1580 2054 sed

899 2069 974 2108 ipsu
999 2069 1222 2107 argumentis
1246 2070 1357 2108 egent.

943 2113 994 2143 e'ta
1020 2112 1142 2149 multa,
1169 2112 1234 2153 vgl.
1260 2112 1280 2152 ξ
1309 2113 1370 2144 113
1396 2114 1446 2143 ita
1472 2112 1576 2153 longe

896 2158 1001 2197 abest,
1026 2159 1077 2193 nt,
1096 2156 1174 2195 Vlll,
1189 2158 1220 2197 6,
1233 2159 1253 2189 4
1278 2158 1329 2188 ita
1349 2157 1505 2189 iucunda
1524 2159 1576 2188 at-

897 2212 962 2243 que
979 2202 1104 2242 nitida,
1130 2205 1179 2234 ut.
1218 2201 1284 2235 Cic.
1303 2201 1399 2234 Catil.
1414 2202 1450 2243 ll,
1467 2203 1518 2242 10,
1532 2202 1574 2234 22

896 2250 979 2278 sunt
1000 2248 1052 2277 ita
1076 2247 1191 2287 multi,
1216 2249 1265 2278 ut.
1301 2246 1351 2286 lll,
1370 2249 1399 2286 8,
1421 2247 1460 2279 18
1487 2256 1576 2288 quae

897 2294 949 2323 ita
976 2292 1086 2323 multu
1110 2291 1208 2328 factu
1233 2295 1325 2323 sunt.

943 2337 984 2368 de
1017 2338 1175 2371 arcibus,
1209 2336 1262 2368 die
1294 2335 1474 2376 Rhetorik‚
1506 2336 1575 2377 vgl.

941 2383 994 2414 47.

897 2381 917 2423 ξ
943 2428 994 2459 50.
1031 2427 1164 2460 Priame·
1189 2444 1230 2448 —
1256 2426 1430 2467 precibus.

896 2471 930 2503 ll.
958 2470 1072 2509 XXIV,
1098 2472 1289 2504 486—506.

943 2516 1185 2557 dispositione,
1211 2512 1257 2547 ‘in
1282 2515 1340 2547 der
1364 2510 1516 2556 Anlage’.

945 2562 1066 2601 magni
1098 2561 1141 2592 ist
1172 2560 1342 2601 genitivus
1368 2559 1463 2602 pretii
1493 2554 1572 2590 ‘viel

1480 2425 1573 2458 Hom.
