1720 2848
627 134 769 167 CAPUT
795 135 816 168 1.
843 137 862 177 g
888 136 987 169 2—5.
1463 133 1513 173 17

99 263 174 300 que
195 251 239 288 ad
264 250 390 287 omnis
411 261 521 287 casus
543 249 721 287 habuerit
743 249 1019 299 eloquentiam,
1041 249 1143 287 velut
1165 249 1304 287 clausis
1326 250 1516 289 thesauris

100 305 312 344 incubabit.
363 305 447 343 Non
480 310 608 343 autem
641 312 682 343 ut
703 305 889 356 quidquid
912 305 1122 356 praecipue
1154 305 1416 344 necessarium
1449 312 1517 349 est,
1547 314 1565 343 3

99 363 153 400 sic.
175 362 220 399 ad
239 361 484 400 efficiendum
503 367 696 399 oratorem
717 361 868 399 maximi
892 361 1072 412 protinus
1093 361 1166 399 erit
1182 361 1382 399 momenti.
1422 362 1517 400 Nam

99 425 216 462 certe,
238 429 324 455 cum
342 417 387 456 sit
408 418 444 455 in
465 417 684 467 eloquendo
703 419 870 468 positum
894 417 1058 456 oratoris
1074 417 1256 463 officium,
1279 417 1408 456 dicere
1429 425 1520 457 ante

101 474 229 512 ‹vmnia
252 479 330 515 est,
361 478 477 523 atque
510 473 600 511 hinc
623 474 773 511 initium
797 474 880 512 eius
899 473 993 512 artis
1014 473 1131 512 fuisse
1164 474 1409 511 manifestum
1441 480 1519 521 est;

100 529 317 581 proximum
341 529 480 567 deinde
498 529 660 567 imitatio
677 536 746 576 est,
770 530 1021 568 novissimum
1038 530 1233 568 scribendi
1257 542 1411 580 quoque
1434 530 1519 568 dili-

100 585 240 634 gentia.
279 585 352 623 Scd
376 591 414 622 ut
439 585 633 636 perveniri
656 585 700 623 ad
722 598 871 624 summa
894 586 967 624 nisi
989 598 1034 623 ex
1056 586 1260 637 principiis
1283 599 1359 624 non
1379 592 1520 637 potest,
1554 594 1568 624 4

100 642 148 680 ita
171 641 408 692 procedente
432 654 549 692 opere
571 642 644 679 iam
669 642 824 679 minima
848 642 1038 692 incipiunt
1062 654 1144 680 esse
1161 654 1257 692 quae
1275 642 1397 693 prima
1415 649 1519 681 sunt.

100 697 243 736 Verum
267 710 338 735 nos
360 709 453 740 non.
476 698 672 747 quomodo
693 698 742 735 sit
763 698 1025 735 instituendus
1048 704 1200 743 orator,
1223 698 1297 736 hoc
1318 698 1403 737 loco
1426 699 1520 737 dici-

101 765 204 800 mus;
230 766 315 791 nam
338 753 374 791 id
399 753 553 803 quidem
577 759 642 791 aut
663 753 754 792 satis
775 760 840 791 aut
862 759 967 791 certe
989 754 1042 791 uti
1061 754 1260 804 potuimus
1277 754 1421 792 dictum
1441 761 1520 802 est;

101 809 167 847 sed
190 810 351 855 athleta.
375 810 439 859 qui
473 821 610 848 omnes
631 809 704 847 iam
734 809 984 859 perdidicerit
1006 821 1024 847 a
1047 816 1300 860 praeceptore
1325 822 1521 853 numeros,

102 877 178 915 quo
201 878 344 916 genere
366 866 653 904 exercitationis
675 866 719 904 ad
747 866 957 904 certamina
980 867 1273 917 praeparandus
1293 866 1353 904 sit.
1403 866 1524 917 Igitur

102 933 190 959 eum
205 952 213 966 ,
247 921 311 971 qui
345 933 406 960 res
427 922 602 959 invenire
634 928 671 960 et
692 921 901 973 disponere
923 922 1039 967 sciet,
1072 922 1187 960 verba
1216 934 1373 972 quoque
1395 929 1431 961 et
1454 923 1521 961 eli-

102 977 218 1028 gendi
242 985 275 1016 et
296 978 524 1015 conlocandi
544 978 732 1016 rationem
751 977 985 1028 perceperit,
1009 978 1257 1021 instruamus,
1281 990 1354 1028 qua
1375 979 1524 1017 ratione

104 1034 207 1083 quod
230 1034 403 1072 didiceiit
427 1036 552 1073 tacere
575 1046 689 1084 quam
713 1034 870 1084 optime,
893 1045 1007 1084 quam
1034 1035 1210 1072 facillime
1234 1035 1366 1085 possit.

218 1089 303 1127 Non
326 1101 418 1137 ervo
441 1089 600 1128 dubium
624 1095 700 1137 est,
733 1090 824 1140 quin
852 1090 884 1128 ei
906 1090 1010 1128 velut
1031 1102 1124 1141 opes
1146 1091 1222 1129 sint
1246 1091 1432 1152 quaedam
1456 1103 1524 1141 pa·
1555 1099 1573 1129 5

106 1145 260 1191 r,an‹lae
284 1138 424 1195 quibus
441 1145 510 1186 uti
528 1145 765 1196 ubicumque
782 1146 1039 1184 desideratum
1058 1147 1142 1193 erit
1165 1146 1298 1198 possit.
1336 1146 1413 1184 Eae
1431 1159 1526 1185 con-

153 1256 182 1288 3.
217 1255 407 1297 quidquid,
441 1256 524 1288 uber
549 1255 601 1287 die
629 1255 783 1288 Schreib-

108 1300 211 1332 weise
237 1304 310 1341 sagt
330 1300 441 1338 Quint.
463 1300 484 1340 l,
501 1304 530 1341 ἶ,
544 1304 563 1334 6
587 1300 782 1342 ftigzdiora

107 1346 162 1376 his
187 1344 276 1382 alia,
312 1349 349 1376 ul
381 1345 555 1387 quidquid
578 1356 596 1376 c
620 1349 783 1387 quartam

107 1390 214 1421 haber·
217 1392 259 1422 et.
280 1399 323 1420 ne
340 1392 502 1431 interrog
505 1401 565 1421 are
582 1392 634 1421 'tis
652 1390 784 1421 [idere-

105 1445 197 1466 mur.

151 1481 315 1520 protinus
337 1474 478 1518 τἐοΐοη,
504 1479 557 1512 bei
581 1479 693 1517 (suint.
719 1479 785 1512 und

854 1259 993 1288 wartete
1018 1256 1177 1298 tibrigens
1203 1267 1321 1299 wegen
1346 1259 1530 1299 potuimus

853 1300 912 1333 das
937 1301 1104 1334 Activum.

897 1346 959 1377 sed
982 1346 1124 1377 athleta.
1164 1346 1276 1384 Quint.
1302 1347 1381 1388 geht
1402 1346 1451 1379 oft
1471 1358 1530 1380 un—

854 1390 1024 1422 mittelbar
1061 1391 1093 1421 iu
1132 1390 1190 1422 das
1224 1390 1394 1424 Gleiclinis
1428 1391 1528 1426 fiber:

853 1435 922 1477 vgl.
949 1437 968 1475 ξ
996 1436 1048 1468 33.
1075 1437 1105 1475 7,
1133 1437 1146 1468 1

899 1489 1078 1521 numer-03,
1115 1479 1167 1512 die
1206 1481 1435 1522 regelrecliten
1470 1480 1533 1514 Be-

109 1523 171 1556 den
191 1522 351 1565 Spateren
370 1523 569 1566 uberhaupt,
588 1525 658 1556 hier
675 1525 706 1556 in
727 1523 785 1556 der

111 1567 356 1610 Schlusssolge;
382 1568 449 1610 vgl.
475 1569 492 1610 ξ
520 1571 572 1602 42.
600 1570 629 1608 3.
655 1571 705 1603 18.
731 1571 783 1602 22.

155 1613 347 1654 eloquendo
372 1613 439 1655 vgl.
464 1613 545 1654 Vlll,
570 1613 723 1647 Prooem.
745 1616 783 1647 15

109 1659 225 1699 eloqui
242 1659 332 1689 enim
350 1661 400 1689 est
418 1660 547 1699 onmia,
568 1669 657 1701 quae
673 1662 787 1690 mente

111 1705 329 1744 conceperis.
352 1714 513 1745 promere
537 1707 644 1746 atque
661 1704 708 1736 ad
724 1715 786 1736 au-

109 1748 240 1780 dientis
263 1747 445 1789 perferre,
475 1750 551 1780 sine
575 1759 642 1790 qno
667 1759 786 1790 snper-

112 1802 223 1824 1·acnt1
248 1795 332 1824 sunt
354 1795 478 1834 priora
505 1797 539 1824 et
560 1794 692 1825 similia
706 1795 788 1835 gla-

113 1838 172 1869 dio
204 1837 344 1869 condito
369 1841 474 1878 acque
499 1839 595 1869 intra
623 1840 786 1879 vaginam

112 1891 211 1913 suam
238 1882 404 1913 haerenti.

160 1928 330 1967 oratoris,
379 1927 470 1959 nicht
511 1926 691 1968 cigentlich
733 1926 790 1959 der

116 1969 256 2009 Reduer,
282 1971 425 2004 sondern
444 1971 625 2014 derjenige,
644 1971 790 2004 welches

115 2016 168 2049 ein
194 2014 326 2048 Redner
351 2016 486 2048 werden
513 2017 593 2048 will.

161 2062 243 2091 ante
267 2063 396 2100 omnia,
421 2061 472 2093 bei
493 2061 605 2099 Quint.
629 2061 733 2094 &sters
759 2061 790 2092 in

116 2105 175 2137 der
200 2104 424 2148 Aufz'ahlung,
451 2106 516 2148 vgl.
545 2108 575 2143 2,
602 2109 631 2138 4.
659 2109 687 2146 7,
714 2108 744 2139 6.

161 2153 191 2182 4.
218 2153 282 2182 ant
297 2169 341 2174 ——
357 2154 430 2190 ant,
455 2151 487 2183 in
515 2151 572 2183 der
592 2150 792 2193 Bedeutung

115 2204 182 2227 von
207 2196 240 2226 si
263 2197 379 2227 minus
406 2198 510 2235 satis,
544 2199 583 2228 at
613 2198 704 2228 certe
736 2198 792 2227 uti

116 2241 314 2281 potuimus,
346 2240 415 2283 vgl.
440 2240 508 2280 XII,
535 2243 587 2281 11,
613 2243 651 2274 21
679 2244 720 2272 nt
751 2241 792 2272 de

119 2285 266 2317 Homero
300 2288 453 2325 taceam,
489 2287 527 2317 in
560 2296 628 2328 qno
659 2285 792 2317 nullius

119 2339 188 2359 non
213 2332 302 2361 artis
326 2333 390 2362 aut
406 2340 511 2372 opera
533 2329 705 2372 perfecta,
733 2333 796 2362 aut

120 2376 212 2404 certe
234 2385 302 2407 non
321 2375 429 2407 dubia
446 2377 596 2417 vestigia
614 2377 795 2417 reperiun-

121 2420 189 2449 lar.

171 2464 257 2493 salis
306 2464 436 2496 dictum
489 2468 556 2503 est,
607 2465 672 2497 wie
718 2464 796 2499 VIII.

123 2506 274 2539 Prooem.
294 2509 336 2541 24
361 2511 391 2549 5,
410 2510 429 2542 9
448 2508 513 2549 Vn,
532 2509 683 2542 Prooem.
700 2511 715 2542 1
736 2510 797 2542 mit

122 2551 196 2583 dem
222 2552 342 2584 Zusatz
375 2556 413 2584 nt
437 2555 610 2591 arbitron
642 2565 718 2586 man
749 2564 798 2587 er-

190 2613 312 2644 Qnintil.
326 2613 396 2639 Inet.
411 2616 480 2640 orat.
494 2614 556 2640 Lib.
570 2614 602 2641 X.
620 2616 646 2640 5.
660 2615 733 2642 Aufl.

854 1534 1043 1567 wegungen
1062 1524 1153 1557 beim‘
1169 1524 1308 1567 Ringen,
1335 1525 1386 1558 die
1405 1526 1530 1569 Gange,

853 1569 922 1611 vgl.
945 1569 1010 1601 XII.
1029 1570 1059 1609 2,
1081 1571 1120 1602 12
1143 1571 1350 1612 palaestrici
1373 1571 1534 1603 doctores

854 1614 949 1654 illos,
984 1624 1069 1656 quos
1092 1625 1257 1647 numeros
1282 1620 1427 1655 vocant,
1461 1627 1531 1648 non

854 1659 989 1691 idcirco
1007 1659 1222 1691 (lta-centibus
1242 1661 1400 1702 tradunt,
1426 1664 1466 1693 ut
1489 1663 1533 1693 iis

855 1706 1014 1736 omnibns
1031 1706 1069 1745 ii,
1095 1707 1157 1746 qui
1173 1705 1374 1746 didicerint,
1398 1708 1436 1738 in
1457 1708 1532 1748 ipso

856 1749 1018 1781 lactandi
1041 1752 1232 1781 certamine
1254 1753 1424 1792 utantur,
1454 1751 1535 1783 alin-

857 1793 923 1826 lich
948 1793 982 1833 11,
1009 1795 1039 1833 S,
1068 1797 1106 1827 13
1132 1805 1202 1826 non
1227 1813 1272 1818 -—
1295 1806 1409 1827 nemus
1431 1796 1533 1828 modo

858 1841 963 1879 atque
995 1840 1030 1869 1⁰71
1057 1841 1103 1869 iis
1135 1842 1247 1871 certos
1277 1839 1414 1881 aliquos
1438 1841 1535 1872 doce—

859 1884 919 1922 hit,
946 1882 1011 1915 und
1036 1882 1090 1922 lx,
1115 1886 1145 1918 4.
1165 1886 1183 1917 S
1209 1883 1346 1922 artifex
1369 1887 1484 1916 motus
1503 1888 1535 1916 et

859 1929 948 1960 certi
973 1927 1114 1969 quidam
1134 1928 1251 1970 pedes.

905 1974 967 2013 qui
989 1991 1032 1995 —
1056 1975 1152 2005 sciet.
1199 1972 1274 2005 Man
1305 1973 1445 2006 beachte
1471 1974 1532 2007 den

859 2017 891 2049 in
910 2017 1142 2050 Lehrbfichern
1164 2018 1354 2060 abet-haupt
1377 2018 1533 2052 fiblichen

862 2061 1036 2095 Gebrauch
1055 2062 1112 2095 des
1126 2063 1303 2095 Futurums
1319 2064 1350 2095 in
1371 2063 1534 2097 relativen

861 2106 1155 2139 Zwischensatzen
1182 2110 1263 2140 statt
1287 2107 1346 2141 des
1363 2107 1537 2150 Konjunk-

862 2151 1282 2193 tivs‚vgl.§5.10.13.17.
1294 2154 1461 2187 22.25.33
1472 2158 1536 2187 etc.

905 2196 1078 2238 eligendi,
1109 2197 1228 2239 gehort
1252 2197 1451 2231 wesentlich
1478 2209 1536 2231 zur

861 2241 1022 2280 elocutio,
1047 2241 1114 2284 vgl.
1141 2244 1160 2282 ξ
1188 2244 1217 2275 6.

905 2286 1025 2324 facere
1039 2288 1213 2329 —possit.
1239 2286 1306 2329 vgl.
1331 2286 1397 2327 XII,
1425 2289 1476 2329 10,
1496 2290 1534 2320 '17

864 2330 986 2372 Neque
1013 2342 1094 2363 vero
1127 2333 1245 2363 omnia
1270 2334 1358 2371 ista,
1391 2332 1433 2363 de
1463 2335 1539 2374 qui-

865 2377 927 2407 bus
951 2376 1060 2407 locuti
1082 2386 1219 2416 sumus,
1249 2378 1378 2418 optime
1401 2379 1538 2409 tantum

865 2421 926 2451 sed
949 2422 1053 2452 etiam
1078 2420 1248 2459 facillime
1271 2420 1393 2459 faciet.

912 2467 941 2498 5.
968 2465 1062 2496 velut
1077 2484 1120 2489 —
1137 2465 1319 2507 quaedam,
1344 2465 1378 2498 in
1399 2465 1457 2499 der
1474 2467 1541 2499 An-

867 2509 1012 2552 ssihrung
1068 2510 1159 2542 eines
1206 2509 1432 2544 Gleichnisses
1486 2512 1539 2545 bei

867 2553 981 2592 Quint.
1006 2554 1082 2587 sehr
1107 2553 1238 2596 haufig,
1272 2555 1325 2588 bei
1351 2555 1417 2588 Cic.
1447 2556 1543 2589 datur

1251 2612 1269 2643 2
