1720 2848
173 96 224 133 74
671 97 810 131 CAPUT
837 97 876 132 V.
903 100 922 140 ς
952 100 1091 132 12-14.

174 226 414 259 comumnes,
438 227 536 264 quos
559 215 672 253 etiam
704 215 870 265 scriptos
899 213 945 251 ab
977 215 1196 254 oratoribus
1217 215 1372 254 scimus.
1413 216 1508 254 Nam
1532 218 1596 268 qui

174 271 267 310 haec
292 278 394 310 recta
417 277 566 310 tantum
599 277 633 308 et
665 271 702 308 in
736 270 864 308 nullos
893 270 1014 308 flexus
1035 271 1254 310 recedentia
1277 272 1434 322 copiose
1456 278 1597 312 tracta-

174 327 282 374 verit,
306 328 439 379 utique
463 328 500 365 in
526 327 598 366 illis
621 327 752 377 plures
774 338 962 365 excursus
983 327 1262 378 recipientibus
1280 329 1401 379 magis
1423 328 1597 369 abunda-

107 389 143 420 13
175 384 230 422 bit
258 384 408 434 eritque
440 385 478 422 in
511 384 636 422 omnis
669 396 802 422 causas
834 390 1002 433 palatus.
1046 382 1191 423 Omnes
1221 385 1324 423 enim
1348 385 1598 435 generalibus

176 440 474 492 quaestionibus
496 446 690 478 coustant.
733 440 827 478 Nam
851 440 942 490 quid
970 439 1144 486 interest,
1163 415 1386 481 Ὃοιιιείἰυ5
1416 441 1598 482 tiibunus

174 497 319 548 plebis,
351 497 452 547 quod
477 497 649 535 codicem
673 496 828 546 legeiffit
859 504 1004 535 iectene
1033 509 1122 535 reus
1153 490 1516 548 sit',‹1uaer,amus
1547 512 1598 538 an

169 549 405 592 ‘viole·tuine
428 553 616 594 maiestas
640 553 670 591 si
688 565 775 602 mat
779 553 934 591 istratus
952 553 1193 603 rogationem
1216 566 1322 592 suam
1347 555 1492 606 populo
1517 556 1598 606 ipse

175 610 370 649 recitarit.
359 605 395 633 '¹
419 605 526 648 Milo
550 609 723 648 Clodium
749 616 907 647 rectene
931 604 1151 655 occiderit’,
1184 610 1307 648 veniat
1332 611 1369 649 in
1396 612 1593 659 iudicium,

174 679 222 705 an
251 662 407 728 ‘oporte
411 673 500 704 z⁵ttnt
530 666 794 704 insidiatorem
827 666 994 704 interfici
1026 666 1083 704 ul
1106 666 1370 717 perniciosum
1392 669 1446 706 rei
1469 668 1597 719 publi-

175 736 240 762 cae
275 723 408 768 civem,
440 723 588 762 «tiamsi
620 736 698 761 non
732 717 983 761 insidieturY
1026 718 1137 761 ‘Cato
1170 723 1349 762 Muciam
1382 724 1597 764 honestene

175 780 374 818 tr·adidciit
397 763 628 818 Hortensio'
638 810 646 824 ,
679 792 726 817 an
748 774 1224 874 ‘conrenfflffitalis
1255 779 1359 818 bono
1383 781 1476 819 viro.
1487 774 1496 789 ¹
1543 781 1597 820 De

107 840 142 873 14
172 837 352 888 personis
369 836 573 879 iudicatur,
591 837 655 875 sed
675 835 855 875 derebus
872 848 945 874 con
968 848 987 873 e
1021 849 1033 873 (
1048 843 1088 874 1t1
1127 866 1135 874 .
1169 836 1476 877 Declamationes
1492 849 1596 885 vero,

174 893 308 944 quales
331 893 368 931 in
391 893 533 931 scholis
557 893 758 931 rhetorum
780 893 978 938 dicuntur,
1010 892 1040 931 si
1072 892 1186 931 modo
1216 900 1307 931 sunt
1331 895 1374 931 ad
1399 894 1598 933 veritatem

172 963 192 988 a
208 963 279 988 'coi
310 962 319 987 1
352 950 485 987 odatac
508 956 545 987 et
571 948 813 987 orationibus
835 948 993 994 similes,
1026 961 1104 987 non
1128 955 1276 987 tantum
1301 950 1392 988 dum
1414 950 1599 990 adolescit.

160 962 373 1057 fflffi
402 1012 492 1043 sunt
526 1005 763 1048 utilissimae,
802 1005 891 1055 quia
923 1005 1188 1053 inventionem
1228 1013 1265 1044 ct
1301 1006 1596 1056 dispositionem

172 1062 319 1114 pariter
341 1069 537 1101 exercent.
561 1062 626 1100 sed
650 1062 761 1100 etiam
785 1074 873 1100 cum
897 1068 951 1100 est
972 1068 1264 1101 consummatus
1285 1075 1328 1100 ac
1351 1063 1425 1101 iam
1449 1063 1487 1101 in
1512 1064 1597 1102 foro

922 1138 1086 1180 geschali,
1120 1149 1159 1171 zu
1187 1138 1418 1172 widersetzen.
1469 1139 1514 1172 Da
1548 1140 1597 1173 las

170 1150 235 1172 uas
266 1141 301 1171 in
329 1141 404 1181 [psa
431 1140 517 1171 vitia
544 1141 654 1170 moris
679 1142 728 1171 est
748 1150 850 1180 pero·

922 1183 1098 1216 Cornelius
1123 1184 1176 1216 die
1202 1183 1370 1226 Rogation
1396 1184 1502 1218 selbst
1527 1196 1596 1225 vor,

170 1196 264 1226 rure,
289 1188 328 1216 at
353 1186 389 1216 in
411 1184 623 1225 adulterum,
651 1185 851 1226 aleatorem,

164 1231 395 1272 petulantem.
921 1229 1038 1262 wurde
1070 1229 1210 1262 deshalb
1241 1230 1284 1262 im
1309 1230 1339 1264 J.
1366 1232 1407 1263 65
1434 1230 1492 1263 der
1518 1230 1599 1264 Ver-

216 1277 257 1308 ab
286 1276 500 1313 oratoribus,
525 1285 552 1306 z.
580 1273 614 1307 B.
642 1275 757 1307 Cicero
783 1274 849 1306 und

171 1320 368 1353 Hortensius
381 1320 417 1360 ll,
436 1323 462 1360 1,
480 1322 536 1352 11:
556 1330 756 1352 communes
770 1320 849 1359 loci,

171 1368 243 1397 siue
261 1368 323 1408 qai
338 1369 420 1398 sant
439 1367 476 1396 ἰη
492 1367 580 1397 vitia
596 1366 740 1406 derecti,
765 1376 849 1407 qua-

172 1412 220 1443 les
245 1411 394 1453 legimus
411 1422 431 1443 a
449 1411 615 1443 Cicerone
632 1413 851 1453 compositos,

170 1468 229 1488 sea
254 1458 379 1498 quibas
398 1457 651 1499 quaestiones„
645 1457 851 1489 Γ·”ὀιιθιιι1ιιιν

171 1505 385 1543 tractantur,
412 1502 532 1543 quale-5
556 1505 638 1532 sant
664 1502 750 1534 editi
774 1513 794 1533 a
814 1502 849 1542 Q.

171 1558 307 1589 quoque
326 1548 529 1579 Ilm-:tensio
554 1549 593 1578 ut
608 1542 712 1578 ‘sitne
727 1558 796 1588 par
800 1549 851 1579 vis

171 1594 392 1634 argumentis
429 1589 677 1624 eredendum?
718 1595 751 1624 et
781 1603 849 1634 pro

171 1640 315 1670 testibus
339 1640 371 1668 et
397 1640 433 1669 in
459 1640 570 1669 testes.

216 1685 252 1714 t'n
278 1683 665 1723 nullus—recedentia,
690 1681 744 1715 die
770 1681 847 1715 kein

169 1728 345 1761 Ablenken
371 1728 537 1761 zulassen.

215 1775 251 1805 in
266 1776 378 1806 omnis
389 1776 586 1815 —pm-attts,
598 1772 748 1805 diesclbe
760 1772 849 1805 Kon-

169 1819 337 1852 struktion
364 1818 443 1851 Tac.
469 1818 551 1850 Dial.
579 1819 631 1851 ⁴1.

219 1866 268 1897 13.
295 1875 409 1896 omnes
425 1882 465 1887 --
481 1866 654 1895 constant.
705 1862 778 1903 Vgl.
797 1863 846 1904 lll,

170 1912 200 1950 5,
227 1911 263 1943 9:
297 1910 369 1941 Hae
398 1912 530 1948 autem,
565 1919 652 1950 quas
685 1909 846 1948 infinitas

168 1965 272 1995 voco,
315 1958 347 1986 et
382 1955 567 1995 generales
604 1954 850 1996 appellantur.-

170 2001 264 2041 qnod
287 2002 318 2031 si
343 2003 393 2031 est
417 2010 548 2040 veram,
573 1999 695 2039 linitae
715 2001 848 2042 specia-

169 2045 216 2077 les
241 2048 354 2078 erunt.
382 2046 420 2077 In
447 2047 543 2077 omni
567 2048 684 2076 autem
702 2045 850 2086 speciali

167 2093 288 2132 utique
313 2093 401 2122 inest
423 2091 614 2131 generalis,
640 2093 786 2132 atquae
802 2091 849 2122 sit

166 2138 279 2178 prior.

216 2180 408 2213 Cornelius.
437 2179 717 2256 Q
735 2179 846 2212 stellte

170 2227 213 2258 im
238 2225 267 2259 J.
294 2228 333 2258 ti'l
362 2237 390 2266 v,
419 2224 493 2258 Chr.
520 2224 583 2257 den
643 2229 749 2266 ntrag,
775 2224 847 2257 dass

170 2281 244 2304 man
280 2281 339 2303 nur
370 2270 472 2303 durch
499 2270 558 2302 das
585 2269 671 2302 Volk
698 2280 763 2301 von
789 2270 847 2302 der

170 2316 413 2358 Beobachtung
450 2315 542 2348 eines
579 2314 738 2348 Gesetzes
775 2320 846 2348 eut-

170 2361 305 2394 bunden
332 2361 465 2394 werden
487 2360 593 2393 dorse.
632 2359 691 2392 Die
710 2360 846 2393 Senats-

171 2407 275 2449 partei
302 2416 446 2449 gewann
471 2406 552 2439 aber
576 2406 640 2438 deu
663 2404 845 2448 TriburLE.

171 2452 291 2485 Servili
320 2463 335 2485 s
369 2451 552 2491 Globulus,
585 2451 656 2483 sich
682 2450 740 2483 der
768 2450 848 2483 Vor-

159 2463 599 2539 mog-am,
633 2496 686 2528 die
717 2496 748 2528 in
776 2496 848 2528 ner-

170 2541 390 2575 kommlicher
401 2541 512 2575 Weise
526 2541 629 2574 durch
645 2541 707 2574 den
724 2541 846 2575 Herold

920 1274 1057 1316 letzung
1081 1274 1139 1307 der
1157 1275 1313 1308 maiestas
1331 1285 1409 1317 pop.
1430 1275 1523 1309 Rom.
1542 1286 1599 1309 an-

920 1319 1076 1362 geklagt,
1104 1319 1229 1361 jedoch
1263 1331 1329 1353 von
1357 1320 1470 1353 Cicero
1504 1321 1597 1363 glan-

920 1365 1003 1398 zend
1029 1365 1220 1407 vei-teidigt,
1247 1365 1313 1408 vgl.
1338 1366 1403 1399 Cic.
1431 1367 1463 1398 in
1487 1365 1596 1399 Vatin.

920 1414 951 1451 2,
977 1412 1007 1444 6.

966 1455 1060 1487 Milo.
1104 1455 1167 1488 Das
1186 1455 1326 1498 Gesolge
1352 1456 1411 1489 des
1430 1455 1510 1489 Milo
1530 1456 1596 1490 und

920 1500 978 1533 des
1016 1500 1152 1533 Clodius
1195 1501 1343 1542 gerieten
1381 1502 1597 1543 aneinauder‚

919 1546 971 1577 ein
998 1545 1123 1578 Sklave
1149 1545 1247 1579 Milos
1274 1546 1493 1579 verwundete
1523 1546 1598 1579 Clo-

920 1591 1014 1631 dius,
1045 1590 1125 1623 Milo
1152 1591 1230 1624 eilte
1258 1592 1370 1624 lierbei
1397 1592 1462 1624 und
1491 1594 1596 1626 totete

919 1636 986 1669 ihn.
1026 1635 1071 1668 Da
1091 1647 1125 1668 er
1143 1637 1392 1679 insolgedessen
1412 1637 1596 1680 angeklagt

920 1681 1051 1720 wurde,
1085 1692 1122 1713 so
1156 1682 1354 1724 verteidigte
1387 1682 1442 1714 ibn
1479 1683 1594 1716 Cicero

918 1727 950 1759 iu
977 1726 1035 1759 der
1060 1738 1122 1759 uns
1148 1727 1341 1760 erhaltenen
1369 1727 1468 1760 Rede.

965 1772 1048 1804 Cato
1062 1791 1102 1795 —
1113 1773 1309 1805 Hortensio.
1344 1772 1407 1805 Der
1421 1773 1594 1806 bersihmte

918 1816 1049 1850 Reduer
1067 1818 1104 1855 Q.
1123 1817 1320 1851 Hortensius
1347 1818 1438 1850 hatte.
1464 1818 1539 1851 eine
1556 1828 1594 1851 so

917 1861 1430 1905 schwariffiiffli'e‘z'dfffflng
1454 1874 1494 1896 zu
1514 1863 1595 1897 Cato

920 1906 1106 1947 Uticensis,
1134 1908 1206 1941 dass
1231 1919 1265 1941 er
1290 1908 1406 1941 diesen
1433 1909 1500 1950 bat,
1526 1909 1594 1941 ihm

918 1954 1011 1986 seine
1037 1953 1211 1986 Gemahlin
1237 1952 1358 1986 Marcia
1386 1954 1593 1994 abzutreten,

921 1999 1026 2031 worin
1045 1998 1128 2031 Cato
1154 1999 1238 2031 auch
1257 1999 1341 2031 uach
1357 1998 1594 2041 Riicksprache

920 2044 979 2076 mit
993 2044 1120 2076 seinem
1135 2043 1426 2086 Schwiegervater
1442 2044 1593 2086 willigte.

919 2088 1040 2121 Marcia
1064 2089 1154 2122 lebte
1174 2099 1239 2121 von
1259 2092 1390 2123 56—60
1406 2099 1436 2121 ν.
1452 2089 1524 2121 Chr.
1542 2089 1593 2122 bei

919 2133 1114 2167 Hortensius
1140 2134 1206 2166 und
1232 2130 1350 2167 kelirle
1369 2134 1453 2167 nach
1472 2134 1592 2167 dessen

918 2177 1011 2211 Tode
1037 2179 1069 2211 in
1095 2178 1154 2211 das
1174 2178 1262 2211 Haus
1279 2179 1338 2212 des
1357 2180 1437 2212 Cato
1455 2178 1591 2212 zuriick.

967 2226 1017 2257 l-l.
1048 2224 1330 2265 declamationes,
1348 2224 1414 2266 vgl.
1434 2224 1469 2265 ll,
1484 2227 1515 2265 4,
1533 2227 1591 2258 41:

917 2270 1019 2309 fictas
1053 2270 1100 2301 ad
1121 2271 1356 2302 imitationem
1381 2269 1456 2308 fori
1481 2273 1592 2302 eonsi-

915 2315 1113 2356 lioramque
1137 2316 1304 2347 materias
1328 2315 1425 2356 apud
1443 2315 1594 2348 Graecos

916 2360 1031 2392 dicere
1059 2362 1157 2392 cirea
1183 2360 1398 2391 Demetrium
1423 2361 1593 2393 Phalerea

916 2408 1116 2437 institutum
1139 2404 1215 2444 fere
1241 2407 1387 2437 constat.

957 2450 1155 2492 profectus,
1193 2450 1252 2483 das
1288 2450 1502 2483 Abstractum
1539 2450 1592 2483 fiir

916 2495 975 2528 das
1001 2495 1210 2528 Concretum.

962 2544 1223 2573 consummatus
1240 2552 1282 2573 ae
1294 2560 1331 2564 —-
1343 2541 1470 2583 clarus,
1489 2540 1591 2573 leicht
