1720 2848
72 211 108 241 27

11 250 48 318 ⁴)

64 1333 101 1364 31

143 85 195 124 24
649 88 790 122 CAPUT
816 89 838 123 1.
866 90 885 130 ς·
912 90 1054 122 27—31.

255 204 471 243 Plurimum
508 204 599 242 dicit
635 204 780 242 oratori
819 204 999 242 conferre
1022 203 1324 255 Qsz
1359 204 1566 244 lectionem

169 272 216 299 oe
271 273 279 280 ·
334 273 369 307 1,
400 261 591 310 multique
621 260 704 298 eius
734 259 919 297 iudicium
945 266 1184 309 sequuntur;
1215 273 1343 310 neque
1373 260 1567 300 inmerito.

177 328 316 367 amque
339 317 384 355 ab
408 317 467 355 his
491 317 529 354 in
554 315 672 354 rebus
693 315 853 365 spiritus
877 322 914 353 et
936 316 974 353 in
998 316 1123 354 verbis
1144 316 1359 355 sublimitas
1381 324 1419 355 et.
1439 317 1477 355 in
1501 318 1567 355 ad-

142 372 309 411 fectibus
331 379 459 411 motus
481 372 608 410 omnis
630 379 668 410 et
691 371 729 409 in
754 371 933 422 personis
953 372 1072 410 decor
1093 373 1249 423 petitur,
1279 373 1567 424 praecipueque

141 429 245 468 velut
265 429 392 467 attrita
415 429 610 467 cotidiano
633 434 721 466 actu
742 427 890 466 forensi
920 428 1077 478 ingenia
1107 429 1251 479 optime
1279 441 1410 467 rerum
1433 430 1565 469 talium

141 484 595 536 blanditfa'reparantur.
633 484 803 534 Ideoque
826 484 864 521 in
887 483 958 522 hac
976 483 1143 522 lectione
1161 484 1296 524 Cicero
1315 486 1566 535 requiescen-

141 541 232 580 dum
263 548 383 592 putat.
433 540 727 579 Meminerimus
756 546 909 586 tamen,
948 552 1027 577 non
1061 553 1131 590 per
1159 542 1288 579 omnia
1321 548 1453 592 poetas
1484 555 1568 581 esse

142 597 284 635 oratori
317 597 559 647 sequendos,
591 609 663 635 nec
694 596 872 634 libertate
903 595 1112 634 verborum
1143 609 1215 635 nec
1246 597 1400 636 licentia
1424 600 1567 649 ligura-

141 665 249 701 rum;
283 666 409 703 genus
431 652 684 691 ostentationi
707 659 973 703 comparatum
996 659 1033 690 et
1053 660 1208 703 praeter
1230 653 1287 699 id,
1318 655 1421 703 quod
1446 655 1566 693 solam

138 709 235 760 petit
266 709 523 760 voluptatem,
559 721 723 759 eamque
753 709 867 747 etiam
897 709 1082 759 fingendo
1116 722 1194 747 non
1232 709 1326 748 falsa
1355 711 1470 748 modo
1499 711 1566 749 sed

141 765 256 804 etiam
289 765 478 816 quaedam
510 765 751 804 incredibilia
773 771 964 811 sectatur,
998 765 1216 815 patrocinio
1250 778 1406 816 quoque
1437 766 1565 817 aliquo

139 821 280 860 iuvari:
304 822 407 872 quod
431 821 595 872 adligata
616 821 662 859 ad
686 828 830 860 certam
851 822 996 872 pedum
1019 822 1289 860 necessitatem
1313 835 1392 860 non
1411 835 1568 874 semper

140 878 194 916 uti
217 878 387 929 propriis
408 878 543 928 possit,
565 878 631 916 sed
654 878 815 928 depulsa
838 884 942 916 recta
965 877 1021 915 via
1045 878 1265 916 necessario
1288 878 1333 916 ad
1357 879 1566 929 eloquendi

139 934 329 984 quaedam
352 934 586 972 deverticula
604 934 817 984 confugiat,
842 947 914 972 nec
936 940 1085 972 mutare
1108 935 1295 985 quaedam
1318 936 1432 973 modo
1451 935 1566 974 verba

137 990 203 1029 sed
226 991 448 1035 extendere,
474 991 686 1041 corripere,
709 996 953 1036 convertere,
975 990 1144 1028 dividere
1166 998 1348 1041 cogatur;
1382 1005 1452 1029 nos
1476 1004 1566 1030 vero

138 1052 308 1085 armatos
331 1052 433 1085 stare
456 1047 494 1084 in
518 1046 599 1084 acie
621 1052 659 1085 et
681 1045 842 1085 summis
864 1046 911 1084 de
934 1045 1052 1084 rebus
1073 1046 1287 1085 decernere
1318 1053 1356 1085 et
1377 1048 1424 1085 ad
1446 1048 1566 1086 victo-

136 1102 233 1141 riam
257 1102 340 1140 niti.
383 1102 518 1153 Neque
541 1115 613 1153 ego
636 1114 740 1141 arma
761 1102 939 1153 squalere
961 1102 1037 1141 situ
1059 1114 1102 1141 ac
1124 1103 1305 1154 rubigine
1337 1103 1467 1147 velim,
1499 1104 1566 1142 sed

137 1158 331 1210 fulgorem
355 1159 394 1196 in
417 1159 462 1197 iis
484 1171 568 1197 esse
592 1159 658 1209 qui
680 1165 837 1205 terreat,
862 1158 987 1208 qualis
1010 1165 1067 1196 est
1089 1159 1194 1205 ferri,
1219 1172 1296 1209 quo
1319 1172 1430 1198 mens
1452 1160 1566 1198 simul

138 1215 320 1265 visusque
344 1215 666 1265 praestringitur;
700 1228 779 1253 non
804 1215 928 1265 qualis
958 1215 1041 1253 auri
1064 1215 1312 1266 argentique,
1344 1215 1499 1254 inbellis
1528 1222 1567 1255 et

137 1271 267 1322 potius
288 1271 449 1310 habenti
471 1272 729 1323 periculosus.

247 1326 417 1366 Historia
438 1340 596 1378 quoque
618 1328 720 1367 alere
744 1332 940 1365 oratorem
972 1327 1139 1377 quodam
1171 1327 1281 1366 uberi
1313 1328 1566 1379 iucundoque

179 1406 232 1437 27.
259 1403 439 1442 conferre,
475 1405 536 1437 mit
562 1405 636 1437 dem
665 1405 761 1437 Dativ
787 1415 813 1437 s.

133 1451 185 1483 63.
213 1451 265 1481 71.
291 1451 333 1482 95
361 1460 390 1481 u.
418 1458 446 1481 a.

182 1493 460 1535 Theophrastus,
487 1494 519 1526 in
546 1495 674 1527 seinem
699 1493 813 1526 Buche

133 1539 214 1571 iiber
233 1538 286 1571 die
301 1538 475 1579 Rhetorik,
496 1539 642 1571 welches
659 1538 708 1580 lll,
727 1541 754 1579 1,
774 1542 813 1572 15

132 1584 286 1616 erwahnt
312 1583 410 1616 wird:
438 1583 505 1626 vgl.
533 1584 553 1626 ξ
579 1586 630 1618 83.

178 1639 288 1670 neque
313 1631 494 1669 inmerito,
527 1629 578 1662 ein
606 1629 815 1670 elliptischer

134 1673 322 1713 Ausdruck,
341 1674 404 1706 den
424 1673 536 1711 Quint.
555 1674 660 1707 osters
678 1684 814 1706 anwen-

134 1718 201 1752 det,
227 1729 283 1750 um
309 1729 366 1751 zur
385 1718 613 1761 Begrnndung
630 1719 722 1752 einer
747 1729 813 1751 von

132 1763 201 1796 ihm
220 1763 460 1805 ausgestellten
477 1763 703 1807 Behauptung
717 1764 814 1797 siber-

133 1808 278 1851 zugehn,
306 1808 373 1851 vgl.
400 1808 420 1851 ξ
449 1811 501 1841 79.

176 1855 342 1896 spiritus,
377 1849 497 1886 ‘hoher
534 1849 812 1895 Gedankenssug’‚

132 1898 200 1940 vgl.
231 1901 262 1939 5,
288 1900 308 1931 4
341 1898 410 1931 und
440 1897 517 1931 Hor.
552 1898 620 1931 Sat.
646 1898 668 1937 Ι,
695 1901 726 1934 4,
752 1900 812 1931 46:

132 1943 226 1984 quod
251 1954 333 1975 acer
356 1945 504 1985 spiritus
522 1954 564 1976 ac
582 1946 632 1975 cis
649 1943 722 1975 Nec
741 1955 814 1976 ver-

131 1989 182 2019 bis
206 1999 270 2020 nec
293 1989 397 2020 rebus
422 1990 522 2021 inest.

176 2035 213 2064 in
226 2035 390 2074 personis
407 2034 522 2066 decor.
552 2029 813 2073 ‘Angemessen-

130 2074 228 2115 heit';
255 2077 322 2119 vgl.
349 2077 368 2119 ξ
395 2080 447 2110 71.
475 2080 504 2117 2,
533 2080 584 2110 27.
613 2077 665 2119 Vl,
695 2081 723 2115 1,
750 2079 809 2110 25:

127 2124 416 2164 prosopopoeiae,
435 2123 473 2154 z'd
490 2125 541 2154 est
557 2122 661 2161 fictae
678 2123 811 2154 aliena-

130 2177 211 2199 rum
223 2177 461 2209 personarum
479 2169 671 2208 orationes,
692 2167 812 2210 quales

131 2212 356 2253 litigatorum
383 2223 442 2244 ore
468 2213 553 2244 dicit
574 2215 760 2254 patronus.

177 2258 363 2298 blanditia,
385 2253 571 2290 ¹lieblicher
597 2253 743 2290 Genuss‘.

178 2301 308 2344 Cicero,
334 2312 393 2345 pro
412 2302 532 2335 Archia
551 2305 588 2336 6:
617 2302 706 2343 Quia
731 2313 812 2344 sap-

127 2347 267 2389 peditat
304 2350 440 2385 (nomen
478 2350 665 2390 poetarum)
699 2349 811 2388 nobis,

130 2393 190 2423 ubi
216 2395 249 2423 et
273 2394 414 2424 animas
431 2403 476 2425 ea:
493 2394 558 2425 ltoc
574 2393 711 2431 forensi
726 2396 812 2424 stre-

125 2438 207 2477 pitu
232 2437 435 2477 reficiatur,
468 2441 500 2469 et
525 2449 629 2470 aures
653 2439 810 2470 convicio

129 2480 285 2520 defessae
310 2483 569 2524 conquiescant.

176 2527 228 2559 28.
245 2527 415 2559 libertate.
436 2527 493 2560 der
508 2527 643 2560 Ablativ
658 2527 811 2560 bezeich-

886 1409 952 1443 net⁷
972 1404 1004 1435 in
1024 1404 1171 1436 welches
1188 1403 1341 1437 Hinsicht
1359 1404 1417 1437 der
1434 1404 1566 1437 Redner

885 1448 947 1481 den
967 1448 1102 1481 Dichter
1120 1449 1211 1481 nicht
1230 1449 1436 1481 nachahmen
1459 1449 1564 1482 diisse.

927 1497 1070 1535 praeter
1088 1494 1127 1525 id
1143 1494 1246 1536 qaod,
1265 1494 1366 1527 allein
1382 1495 1434 1527 bei
1450 1494 1566 1532 Quint.

885 1542 967 1571 statt
1011 1539 1070 1571 des
1115 1539 1271 1571 srfiheren
1310 1542 1566 1581 praeterquam

884 1585 979 1625 quod
1002 1584 1251 1625 gebrauchlich‚
1277 1584 1343 1626 vgl.
1359 1586 1390 1624 2,
1405 1586 1459 1618 26.
1479 1587 1510 1621 3,
1525 1587 1563 1618 6:

882 1633 1133 1671 praeterquam
1165 1628 1271 1661 findet
1303 1629 1375 1661 sich
1410 1630 1462 1662 bei
1496 1630 1563 1662 ihm

883 1674 1048 1707 zweimal.

929 1720 981 1752 29.
1008 1719 1172 1759 adligata
1192 1718 1325 1751 bezieht
1346 1719 1417 1751 sich
1435 1719 1494 1751 auf
1510 1720 1563 1752 ein

883 1763 958 1796 dem
985 1763 1229 1796 Schriststeller
1255 1764 1562 1797 vorschwebendes

885 1807 981 1841 Wort
1000 1809 1064 1841 wie
1081 1811 1196 1850 poesis
1213 1808 1293 1841 oder
1306 1811 1457 1850 poetica,
1483 1809 1564 1842 oder

884 1863 919 1886 es
938 1854 981 1886 ist
1001 1854 1020 1895 ξ
1036 1855 1078 1886 28
1097 1853 1157 1885 mit
1175 1852 1290 1886 Scholl
1308 1863 1349 1885 zu
1367 1854 1562 1887 schreiben:

878 1901 1057 1940 poeticam
1068 1901 1300 1931 ostentationi
1309 1902 1563 1941 comparatam.

925 1946 1095 1985 propriis,
1113 1939 1328 1985 ‘eigentliche
1342 1941 1563 1980 Ausdrucke’,

884 1989 1071 2030 eloquendi
1125 1989 1339 2020 deverticula
1387 1985 1560 2030 ‘Abwege’

883 2033 914 2065 d.
950 2035 969 2065 i.
993 2027 1284 2074 ‘Abweichungen
1318 2043 1384 2065 von
1418 2033 1476 2066 der
1507 2043 1562 2075 ge-

884 2078 1097 2110 wohnlichen
1127 2075 1360 2119 Darstellung⁷.

928 2123 1116 2154 eattendere
1130 2122 1197 2155 und
1215 2124 1396 2164 corrigere
1412 2123 1559 2164 gehfiren

882 2177 1074 2200 zusammen
1108 2167 1173 2199 und
1208 2167 1366 2200 beziehen
1401 2168 1473 2200 sich
1505 2168 1563 2200 auf

882 2212 1010 2253 Silhen,
1029 2217 1230 2244 convertere
1243 2207 1475 2253 (umstellen’)
1493 2212 1560 2245 und

881 2258 1038 2289 dividere
1063 2257 1122 2290 auf
1147 2256 1287 2290 Worter.
1328 2257 1387 2289 Als
1414 2257 1560 2299 Beispiel

882 2302 934 2334 ssir
980 2302 1033 2335 die
1074 2302 1202 2334 divisio
1244 2304 1426 2334 verborum
1468 2302 1559 2343 giebt

882 2347 993 2385 Quint.
1025 2347 1131 2380 selbst
1159 2346 1236 2387 Vlll,
1262 2349 1293 2386 6,
1318 2350 1360 2380 66
1386 2347 1449 2380 den
1478 2346 1559 2380 Vers

882 2392 1014 2434 Vergils
1034 2392 1153 2434 Georg.
1168 2391 1217 2424 lll.
1233 2393 1294 2425 381
1311 2405 1316 2423 :
1340 2393 1560 2434 hyperborea

880 2441 1008 2479 septem
1031 2439 1188 2469 subiecta
1213 2438 1333 2469 trioni.

928 2484 979 2516 30.
1005 2481 1127 2523 Neque
1157 2491 1221 2523 ego
1254 2482 1286 2514 in
1312 2481 1558 2515 adversativem

883 2526 984 2559 Sinne
1012 2527 1077 2569 vgl.
1104 2527 1125 2569 ξ
1152 2528 1204 2560 80.
1232 2529 1261 2561 5,
1288 2529 1318 2559 5.
1346 2529 1376 2561 7.
1401 2530 1432 2560 4.
