1720 2848
515 115 655 149 CAPUT
684 115 721 148 V.
746 117 765 157 ξ
791 116 933 149 21-23.
983 113 1034 147 Vt.
1061 115 1078 155 ξ
1109 117 1134 147 1.
1161 116 1190 147 2.
1487 111 1539 148 77

122 234 320 285 persuasio
342 240 493 285 patrum
517 232 805 271 numerantium
829 231 958 282 potius
974 230 1274 269 declamationes
1291 242 1405 279 quam
1427 230 1541 269 aesti-

123 291 323 329 mantium.
366 290 441 328 Sed
473 289 575 339 quod
608 288 682 326 dixi
715 288 853 339 primo,
884 294 925 326 ut
958 286 1140 332 arbitror,
1171 285 1285 332 libro,
1317 299 1387 324 nec
1418 287 1479 326 iile
1501 298 1541 325 se

123 348 250 386 bonus
271 351 502 398 praeceptor
523 345 667 383 maiore
691 357 868 390 numero,
891 355 1005 394 quam
1027 343 1220 382 sustinere
1243 342 1378 393 possit,
1401 356 1542 382 onera-

124 403 177 442 bit
201 409 236 442 et
261 403 416 441 nimiam
440 402 713 452 loquacitatem
737 401 894 446 recidet,
927 406 965 438 ut
999 399 1201 467 ⁰ffl¹¹oli³lst¹³
1270 405 1363 437 sunt
1384 399 1421 437 in
1447 412 1541 438 con-

123 459 320 504 troversia,
341 471 434 502 non,
453 464 491 497 ut
510 458 665 508 quidam
684 458 830 502 volunt,
848 469 946 507 quae
967 456 1005 494 in
1025 441 1155 494 rg’rum
1174 467 1222 494 na
1272 468 1324 502 ra,
1342 456 1541 505 dicantur;

122 523 160 555 et
182 515 238 554 vel
260 514 435 562 longiore
459 515 587 565 potius
611 514 760 552 dierum
783 514 908 563 spatio
931 511 1071 551 laxabit
1093 511 1247 550 dicendi
1271 512 1541 552 necessitatem

122 572 179 611 vel
207 571 386 610 materias
417 571 584 609 dividere
618 570 826 622 permittet.
869 569 1083 619 Diligenter
1105 569 1239 607 effecta
1262 568 1349 619 plus
1370 570 1543 620 proderit

121 639 236 678 quam
266 627 399 678 plures
427 628 629 666 inchoatae
661 633 697 665 et
719 627 825 677 quasi
848 626 1084 676 degustatae.
1127 625 1293 675 Propter
1314 625 1418 675 quod
1441 627 1540 665 acci-

121 684 187 730 dit,
210 690 254 723 ut
276 697 346 723 nec
369 697 440 722 suo
463 684 548 722 loeo
572 684 742 734 quidque
765 689 948 733 ponatur,
981 694 1053 720 nee
1075 681 1150 727 illa,
1173 693 1270 731 quae
1294 682 1415 732 prima
1438 690 1542 729 sunt,

120 747 275 779 servent
300 753 406 780 suam
430 740 566 789 legem,
601 738 804 778 iuvenibus
831 738 1013 777 flosculos
1035 738 1209 776 omnium
1233 739 1399 789 partium
1424 741 1460 778 in
1486 752 1542 786 ea,

121 808 219 847 quae
240 803 333 836 sunt
348 797 500 842 dicturi,
519 795 842 846 congerentibus;
866 807 943 844 quo
961 795 1015 836 tit,
1035 800 1075 832 ut
1093 794 1287 839 timentes,
1308 807 1355 833 ne
1374 808 1543 846 sequen-

120 853 168 892 tia
192 854 367 905 perdant,
390 853 518 904 priora
541 852 798 891 confundant.
840 899 847 909 ο

708 1099 851 1147 CAPUT
889 1099 955 1145 VI.

512 1189 595 1236 DE
646 1189 1157 1236 COGITATIONE.

234 1301 411 1340 Proxima
433 1302 520 1341 stilo
543 1302 655 1353 cogi
671 1308 736 1341 tat
752 1302 794 1341 io
816 1308 887 1348 est,
910 1315 1008 1353 quae
1031 1309 1068 1341 et
1089 1302 1171 1353 ipsa
1193 1303 1293 1341 vires
1315 1303 1362 1341 ab
1385 1304 1459 1343 hoc
1480 1317 1544 1343 ae.-

122 1359 212 1410 cipit
252 1364 287 1397 et
330 1359 433 1397 inter
482 1359 678 1397 scribendi
717 1358 890 1397 laborem
933 1359 1316 1410 extemporalemque
1350 1361 1545 1400 fortunam

122 1415 246 1458 media
270 1415 458 1465 quaedam
484 1421 519 1453 et
544 1415 677 1453 neseio
699 1428 745 1453 an
771 1428 864 1453 usus
895 1416 1215 1466 frequentissimi.
1257 1416 1351 1454 Nam
1373 1417 1545 1457 scribere

126 1484 205 1510 non
231 1470 375 1522 ubique
399 1484 471 1509 nee
494 1484 650 1521 semper
681 1484 909 1521 possumus3
941 1472 1168 1522 cogitationi
1198 1473 1386 1523 temporis
1406 1485 1450 1511 ac
1471 1474 1545 1513 loei

123 1528 332 1578 plurimum
355 1534 424 1566 est.
466 1527 569 1566 Haec
600 1528 734 1579 paucis
765 1529 971 1566 admodum
1006 1528 1112 1567 horis
1134 1540 1295 1579 magnas
1317 1529 1430 1568 etiam
1454 1543 1544 1569 eau-

122 1596 182 1623 sas
212 1584 505 1636 complectitur;
538 1585 643 1630 haec,
675 1584 856 1634 quotiens
886 1584 1132 1623 intermissus
1162 1591 1221 1624 est
1248 1597 1422 1634 somnus,
1453 1587 1545 1638 ipsis

124 1640 250 1679 noctis
269 1640 442 1680 tenebris
463 1641 684 1688 adim-atum
706 1641 800 1679 haec
823 1641 926 1679 inter
947 1641 1095 1680 medios
1116 1653 1248 1679 rerum
1269 1648 1378 1681 actus
1400 1643 1543 1694 aliquid

122 1696 266 1735 invenit
299 1697 406 1736 vacui
437 1710 510 1736 nec
541 1697 662 1736 otium
696 1697 854 1748 patitur.
911 1698 1046 1748 Neque
1074 1710 1165 1736 vero
1198 1710 1329 1736 rerum
1365 1700 1544 1738 ordinem

121 1786 224 1823 tibus,
249 1795 292 1816 ne
317 1787 444 1824 omnia,
470 1796 559 1827 quae
583 1787 800 1827 scripserint,

123 1829 282 1861 ediscant
316 1832 349 1861 et
380 1833 494 1871 certa,
530 1833 569 1862 ut
598 1832 707 1862 moris
739 1834 800 1872 est,

122 1874 179 1906 die
204 1874 343 1907 dicant:
370 1875 464 1917 quod
483 1876 621 1917 qm'dem
645 1877 801 1908 maoeime

120 1922 241 1961 patres
264 1922 430 1961 eoesgant.
457 1924 561 1962 atque
585 1923 635 1952 ita
661 1921 798 1952 demum

121 1964 261 1997 studere
285 1964 414 1998 liberos
436 1976 527 2006 suos,
551 1967 583 1997 si
600 1976 703 2008 quam
729 1966 800 2004 fre-

123 2011 348 2051 quentissime
387 2010 685 2052 declamavertnc,
726 2022 798 2043 cre-

124 2054 222 2096 dunt,
247 2065 325 2087 cum
338 2055 523 2097 profectus
534 2058 728 2098 praecipue
745 2056 797 2089 di-

125 2099 272 2141 ligentia
298 2104 442 2133 constet.

169 2146 222 2179 22.
243 2148 362 2188 primo
380 2165 423 2170 —-
441 2146 543 2179 libro.
567 2146 590 2187 1,
608 2147 638 2187 2,
660 2148 715 2181 15:
741 2157 799 2179 ne-

125 2200 190 2232 que
218 2194 428 2233 praeceptor
461 2193 571 2224 bonus
598 2193 734 2224 maiore
764 2203 799 2224 se

126 2236 240 2277 turba,
265 2247 369 2278 quam
386 2239 426 2269 ut
442 2239 614 2269 sustinere
630 2247 705 2270 eam
721 2248 799 2280 pos-

122 2280 180 2320 sit,
205 2284 416 2314 oneraverit.

173 2324 332 2367 longiore
349 2345 394 2351 —-
416 2329 544 2369 spatio,
570 2327 703 2360 bezieht
725 2327 797 2360 sich

126 2369 184 2402 auf
200 2372 409 2404 consuetudo
424 2372 587 2404 classium
604 2374 712 2405 certis
729 2372 798 2405 die-

128 2416 190 2446 bus
213 2415 471 2449 audiendarum
494 2417 528 2450 in
553 2418 573 2459 ξ
599 2418 652 2451 21.

171 2462 339 2493 materias
355 2462 520 2502 dividere,
546 2462 635 2495 kann
654 2473 716 2496 nur
732 2472 799 2496 von

127 2503 185 2538 der
202 2504 401 2549 Verteilung
417 2507 476 2541 des
493 2507 617 2541 Stoffes
635 2508 694 2541 aus
709 2508 799 2541 meh-

125 2559 196 2583 rere
221 2549 312 2594 Tage
337 2552 538 2586 verstanden
565 2552 710 2587 werden.

915 1787 969 1819 23.
983 1786 1315 1825 zat—confundant.
1339 1787 1409 1819 Ans
1423 1787 1545 1821 Furcht

869 1841 926 1863 um
952 1830 1012 1863 das
1030 1830 1200 1873 Folgende
1225 1842 1266 1864 zu
1287 1831 1445 1865 kommen
1464 1832 1494 1865 d.
1514 1833 1546 1866 11.

869 1885 905 1909 es
931 1876 1022 1908 nicht
1039 1879 1219 1918 vortragen
1244 1887 1285 1910 zu
1303 1877 1431 1915 durren,
1457 1878 1547 1911 brin-

869 1931 932 1963 gen
952 1921 1000 1954 sie
1019 1921 1103 1954 auch
1120 1921 1153 1953 in
1172 1921 1231 1954 das
1250 1921 1546 1965 Vorhergehende,

867 1976 939 1999 was
964 1966 1013 1998 sie
1030 1970 1220 2008 vortragen‚
1245 1966 1452 2010 Unordnung
1478 1968 1545 2001 und

868 2011 1094 2053 Verwirrung.

916 2058 943 2089 1.
970 2058 1160 2098 cogitatio,
1185 2056 1237 2089 die
1264 2056 1462 2100 Sammlung
1486 2057 1545 2091 des

867 2100 1149 2135 Gedankenstoffs
1164 2127 1171 2141 ,
1209 2101 1268 2134 das
1305 2101 1542 2143 Uberdenken‚

867 2146 925 2180 der
955 2147 1156 2188 meditatio,
1182 2146 1257 2180 dem
1287 2147 1544 2188 Durchdenken,

868 2191 954 2225 nahe
979 2191 1167 2226 verwandt.

912 2238 1255 2279 eaetemporalemque
1271 2236 1468 2277 fortunam,
1485 2237 1545 2270 das

867 2292 946 2315 vom
967 2282 1075 2315 Zusall
1105 2282 1294 2325 abhfingige
1315 2281 1545 2325 Extemporie-

867 2337 937 2367 ren,
961 2327 1029 2369 vgl.
1047 2328 1067 2368 ξ
1084 2330 1115 2361 5.
1135 2329 1166 2360 6.
1186 2330 1214 2367 7,
1236 2329 1286 2361 13.

914 2374 1029 2404 nescio
1055 2383 1101 2404 an
1127 2382 1152 2404 5.
1181 2375 1208 2411 1,
1235 2374 1287 2406 65.

915 2427 998 2449 usus
1011 2417 1301 2459 frequentissimi,
1321 2414 1414 2450 ‘sehr
1433 2415 1547 2460 hfiufig

870 2458 1125 2495 anzuwenden'.

914 2517 1034 2540 rernm
1072 2511 1186 2548 aetus,
1227 2507 1442 2550 gewohnlich
1478 2518 1546 2541 von

871 2552 1113 2595 gerichtlichen
1122 2551 1323 2586 Geschfiften
1334 2556 1463 2596 gesagt‚
1476 2553 1545 2596 vgl.

1573 290 1609 322 22
