1720 2848
602 121 743 157 CAPUT
769 122 790 155 1.
817 125 836 166 ς
862 123 1005 157 91—94.

1459 122 1509 159 45

95 241 311 288 sublimius,
334 241 496 287 doctius,
519 239 702 279 omnibus
723 239 892 290 denique
916 240 1090 279 numeris
1107 239 1394 290 praestantius?
1417 240 1511 285 Quis

95 299 199 337 enim
222 304 377 337 caneret
398 297 496 336 bella
518 297 656 350 melius
677 309 792 346 quam
813 297 879 347 qui
902 296 956 335 sic
978 293 1106 348 gerit?
1140 295 1264 341 Quem
1286 297 1510 347 praesiden-

96 362 153 394 tes
174 354 309 394 studiis
328 354 419 392 deae
440 353 603 405 propius
625 351 833 392 audirent?
871 352 940 391 Cui
963 353 1083 404 magis
1111 364 1200 391 suas
1221 353 1314 391 artis
1344 354 1508 404 aperiret

96 410 281 450 familiare
304 422 448 448 numen
472 408 696 448 Minervae?
734 410 869 448 Dicent
900 410 994 447 haec
1016 409 1169 460 plenius
1198 410 1511 472 futura-{agotum
1543 416 1580 446 92

97 479 202 506 nunc
232 466 334 505 enirn
365 473 582 505 ceterarum
612 466 761 516 fulgore
796 466 981 504 virtutum
1005 466 1086 504 laus
1107 466 1176 504 ista
1199 455 1511 517 praestringffliil‘z

94 524 172 563 Nos
193 529 320 561 tamen
343 535 450 561 sacra
471 523 671 561 literarum
694 522 866 561 colentes
887 522 999 566 seras,
1022 522 1173 569 Caesar,
1197 523 1227 561 si
1251 535 1328 561 non
1354 522 1511 561 tacitum

98 580 170 618 hoc
193 579 448 629 praeterimus
470 586 505 617 et
530 579 764 631 VQQQ
772 585 875 617 certe
898 591 1008 617 versu
1032 585 1232 625 testamur,

205 634 342 674 Inter
364 635 601 674 victrices
623 635 849 674 hederam
872 634 962 673 tihi
985 647 1188 686 serpere
1211 636 1398 674 laurus.

206 690 335 743 Elegia
359 704 514 743 quoque
533 692 701 730 Graecos
717 703 987 742 provocamus,
1011 692 1121 730 ouius
1142 692 1235 730 mihi
1252 698 1379 731 tersus
1399 698 1514 742 atque

93 747 249 798 elegans
271 748 434 787 maxime
455 748 608 787 videtur
629 754 765 786 auctor
793 747 1037 786 Tibullus.
1079 747 1178 786 Sunt
1202 749 1267 799 qui
1298 747 1512 799 Emm-

81 804 218 857 Qm
243 805 388 843 malint.

441 804 644 843 Ovidius
666 810 834 854 utroque
857 804 1033 842 lascivior
1054 803 1153 842 sicut
1176 804 1310 843 durior
1331 804 1512 843 Gallus.

93 860 230 899 Satura
254 861 407 912 quidem
430 867 508 899 tota
531 867 664 900 nostra
687 866 756 907 est,
789 860 828 898 in
861 873 934 910 qua
966 861 1114 911 primus
1146 860 1340 912 insignem
1363 860 1512 899 laudem

93 917 255 968 adeptus
286 918 350 956 Lu
366 930 385 962 ς·
398 917 450 962 ili
464 930 515 961 115
545 917 732 968 quosdam
764 917 814 955 ita
845 917 994 956 deditos
1021 916 1093 955 sibi
1125 917 1248 956 adhuc
1273 917 1389 956 habet
1409 930 1514 956 ama-

93 981 208 1021 tores,
234 981 273 1012 ut
296 986 386 1013 enm
409 987 488 1013 non
513 974 685 1013 eiusdem
708 974 821 1011 modo
845 974 974 1024 operis
996 973 1222 1013 auctoribus
1243 974 1309 1012 sed
1332 974 1513 1012 omnibus

94 1030 220 1080 poetis
242 1031 440 1081 praeferre
464 1043 542 1069 non
568 1030 759 1068 dubitent.
801 1029 883 1081 Ego
907 1037 1094 1080 quantum
1117 1030 1163 1068 ab
1185 1030 1271 1075 illis,
1296 1037 1443 1069 tantum
1467 1030 1513 1069 ab

95 1085 252 1125 Horatio
275 1086 475 1133 dissentio,
499 1087 564 1137 qui
586 1086 779 1126 Lucilium
811 1086 970 1125 fluere
1001 1086 1307 1125 lutulentum
1338 1094 1375 1125 et
1405 1099 1511 1126 esse

93 1208 280 1240 modestiae
297 1210 461 1250 imagine,
488 1210 524 1240 in
543 1209 766 1240 altitudinem

93 1253 255 1285 conditus
278 1254 501 1295 studiumque
518 1254 716 1286 litterarum
736 1257 768 1285 et

93 1309 246 1330 amorem
271 1301 467 1330 carminum
490 1300 670 1337 simulam,
700 1309 766 1341 quo

92 1343 224 1375 velat-et
253 1345 408 1375 animum
435 1347 468 1375 et
499 1344 628 1383 fratris
652 1355 768 1376 aemu-

92 1388 220 1420 lationi
242 1389 505 1430 subduceretur,
531 1391 632 1421 cuius
654 1390 768 1431 dispa-

92 1443 165 1465 rem
190 1435 433 1476 mitioremque
451 1437 617 1466 natm-am
643 1437 766 1467 contra

92 1480 414 1520 interpretabatur,
445 1480 551 1512 sowie
583 1478 676 1512 Suet.
702 1479 765 1512 Do-

92 1523 163 1556 mit.
190 1526 225 1556 2:
260 1524 450 1556 Simulavit
480 1527 513 1556 et
536 1526 609 1567 ipse
639 1527 767 1556 miram

91 1568 295 1601 modestiam
319 1571 357 1601 in
385 1571 580 1612 primisque
605 1573 768 1612 poeticae

91 1614 247 1646 studium
274 1617 342 1646 tam
369 1616 542 1647 insuetum
573 1618 677 1647 antea
701 1616 770 1647 sibi

93 1669 197 1701 quam
217 1662 340 1702 postea
361 1662 515 1703 spretum
533 1663 567 1692 et
584 1662 766 1701 abiectum,

92 1706 326 1746 recitauitque
350 1707 454 1737 etiam
476 1707 635 1748 publice.-
660 1717 687 1738 c.
715 1708 766 1738 13.

94 1749 337 1792 Principatum
363 1751 509 1792 adeptus
530 1761 641 1792 neque
658 1752 695 1782 in
721 1761 770 1782 se-

93 1797 181 1826 natu
206 1796 340 1827 iactare
358 1795 533 1827 dubitavit
553 1791 600 1827 ‘et
619 1797 720 1837 patri
735 1807 770 1827 se

94 1842 127 1870 et
150 1838 262 1878 fratri
287 1841 472 1882 imperium
497 1835 640 1872 dedisse'
667 1845 730 1873 etc.

136 1884 375 1926 praesidentes
392 1904 435 1908 —
454 1886 549 1923 deae,
575 1885 641 1928 vgl.
669 1887 688 1927 ξ
714 1887 768 1918 48.

135 1931 304 1972 propius,
340 1929 452 1963 heisst-
473 1930 564 1962 nicht
601 1941 662 1963 nur
697 1926 769 1962 ‘aus

95 1974 260 2016 grosserer
280 1971 396 2015 Nahe‘,
422 1975 565 2008 sondern
590 1975 675 2008 auch
698 1971 770 2007 ‘mit

95 2019 276 2061 grosserem
291 2019 455 2053 Interesse
469 2020 536 2053 und
551 2020 683 2053 bezieht
699 2020 769 2053 sich

97 2063 156 2097 aus
200 2064 254 2097 die
296 2065 577 2103 wohlwollende.
627 2065 770 2108 gnadige

94 2107 290 2142 Teilnahme
315 2110 372 2143 der
387 2109 505 2143 Musen
532 2111 584 2144 bei
610 2110 668 2143 der
689 2110 771 2144 Vor-

96 2154 214 2197 lesung
247 2155 305 2188 der
335 2155 496 2189 Gedichte
527 2156 615 2189 ihres
649 2157 772 2190 Gfinst-

96 2197 208 2240 lings‘.
245 2199 410 2242 (Becher).

139 2243 320 2283 familiare
358 2246 493 2280 bezieht
533 2247 604 2280 sich
643 2246 769 2287 dax-aus,

97 2287 168 2322 dass
184 2289 363 2332 Domitian,
382 2292 447 2324 wie
464 2291 491 2324 P
517 2292 523 2298 '
673 2303 689 2324 s
704 2292 770 2325 vit.

97 2333 207 2376 Apoll.
239 2334 305 2375 Vll,
332 2338 375 2370 24
405 2337 557 2377 mitteilt,
591 2337 642 2370 sur
672 2338 769 2370 einen

98 2377 189 2411 Sohn
221 2379 279 2412 der
308 2380 457 2422 Minerua
489 2382 602 2424 gelten
636 2383 769 2417 wollte:

97 2413 167 2456 ffl
195 2424 254 2456 auf
282 2425 342 2459 das
372 2437 440 2460 von
472 2427 538 2460 ihm
564 2428 770 2470 gegrfindete

97 2467 359 2511 Minervenfest(
385 2474 447 2504 uin
616 2500 623 2514 ,
641 2483 681 2506 an
695 2473 769 2506 dem

98 2513 272 2556 poetische
312 2516 378 2548 und
416 2518 624 2551 rhetorische
664 2517 770 2551 Wett-

99 2558 203 2601 spiele
217 2559 417 2602 abgehalten
433 2562 581 2604 wurden,
595 2563 648 2596 bei
663 2563 769 2596 denen

817 1212 825 1219 '
838 1208 915 1240 kein
941 1208 1059 1241 andrer
1076 1209 1125 1241 als
1143 1208 1200 1241 der
1218 1208 1417 1241 kaiserliehe
1438 1208 1512 1241 Bra-

841 1254 956 1286 beutes
994 1253 1046 1286 die
1084 1253 1197 1286 Preise
1235 1254 1369 1287 verteilt
1406 1254 1513 1286 haben

840 1298 938 1331 kann.

883 1345 937 1376 92.
961 1344 1059 1382 seras
1091 1344 1277 1386 entspricht
1305 1344 1379 1376 dem
1404 1347 1515 1377 untes-

841 1389 997 1431 thanigen
1016 1388 1110 1427 Stile,
1134 1390 1167 1421 in
1193 1388 1268 1422 dem
1295 1390 1354 1422 das
1372 1388 1514 1422 Vorher-

838 1434 989 1476 gehende
1015 1434 1172 1476 gehalten
1197 1435 1252 1468 ist.

885 1479 1105 1521 Vergiliano,
1129 1479 1198 1512 Ecl.
1224 1481 1255 1520 8,
1283 1482 1334 1513 13.

881 1526 934 1558 93.
964 1523 1136 1565 Tibullus,
1167 1524 1304 1562 Albius,
1333 1524 1515 1557 romischei·

836 1568 953 1604 Ritter.
980 1580 1034 1602 um
1060 1571 1191 1604 59—18
1217 1581 1248 1602 V.
1275 1570 1348 1602 Chr.

881 1616 1104 1657 Propertius,
1132 1614 1164 1648 S.
1189 1615 1363 1655 Aurelius,
1390 1625 1445 1648 um
1471 1618 1514 1649 54

838 1661 888 1692 bis
916 1662 955 1693 16
982 1670 1013 1692 v.
1036 1660 1122 1701 Chr,
1148 1660 1429 1694 wahl-scheinlich
1455 1670 1514 1693 aus

835 1705 1000 1738 Assisium
1018 1706 1049 1738 in
1064 1705 1234 1740 Umbrien.
1257 1706 1514 1747 Altersgenosse

838 1749 980 1783 Tibulls.

884 1797 1062 1836 lascivior,
1088 1796 1180 1838 geht,
1214 1796 1278 1828 wie
1305 1796 1362 1828 der
1386 1795 1514 1838 Gegen-

838 1846 908 1873 satz
947 1841 1072 1872 durior
1109 1841 1214 1882 zeigt,
1253 1841 1339 1873 ohne
1373 1840 1515 1873 Zweisel

839 1886 923 1918 auch
957 1885 1027 1917 hier
1058 1886 1123 1918 wie
1154 1885 1174 1928 ξ
1201 1887 1242 1919 88
1273 1886 1334 1918 auf
1362 1885 1426 1918 den
1453 1884 1515 1917 Stil

839 1930 906 1963 und
924 1929 977 1962 die
995 1929 1344 1973 Darstellungsweise.
1370 1930 1514 1973 Vg1.1x‚

840 1978 871 2013 4,
900 1977 979 2009 142:
1013 1976 1051 2007 In
1090 1978 1290 2008 universum
1322 1979 1453 2014 autem,
1485 1977 1516 2007 si

840 2022 886 2051 sit
910 2031 1060 2062 necesse,
1094 2021 1244 2053 duram
1271 2024 1389 2063 potius
1413 2024 1517 2063 atque

842 2076 1003 2108 asperam
1017 2068 1300 2109 compositionem
1312 2067 1433 2099 malim
1446 2077 1516 2098 esse

840 2121 944 2153 quam
957 2112 1194 2152 effeminatam
1205 2115 1239 2144 et
1250 2122 1421 2153 eneruem,
1432 2122 1515 2154 qua-

841 2157 883 2188 lis
907 2156 1004 2198 apud
1026 2157 1164 2199 multos,
1189 2160 1222 2189 et
1247 2157 1373 2190 cotidie
1391 2159 1516 2199 magis.

840 2201 1078 2234 lascivissimis
1123 2205 1356 2245 syntonorum
1405 2203 1515 2234 modis

838 2247 955 2279 saltat.

888 2291 1026 2336 Gallus,
1067 2292 1258 2332 Cornelius,
1295 2302 1354 2324 aus
1393 2292 1518 2331 Enmffl

839 2337 928 2380 lulli,
948 2340 1134 2370 verti-auter
1159 2337 1289 2370 Freund
1314 2337 1372 2369 des
1396 2336 1514 2378 Vergi—

839 2382 905 2415 lius
924 2387 964 2422 (S.
982 2381 1051 2414 Ecl.
1072 2384 1136 2420 10).
1162 2392 1228 2414 von
1247 2381 1333 2414 Ovid
1349 2382 1416 2415 und
1434 2381 1514 2414 Pro-

841 2437 918 2469 perz
951 2427 1028 2459 sehr
1058 2427 1145 2459 hoch
1181 2427 1371 2469 geschatzt,
1409 2429 1513 2460 totete

841 2471 912 2504 sich
937 2471 1043 2504 selbst
1068 2474 1108 2506 26
1135 2483 1166 2505 v.
1193 2471 1266 2505 Chr.

885 2519 1025 2557 nostra,
1052 2507 1361 2560 m,
1390 2521 1439 2561 10,
1459 2520 1512 2553 66.

886 2563 938 2595 94.
966 2561 1134 2604 Lucilius,
1161 2562 1193 2595 C.
1220 2573 1280 2596 aus
1306 2561 1427 2597 Suessa
1450 2565 1514 2597 Au-

1544 698 1579 728 93
