1720 2848
1473 118 1516 126 -r

477 117 617 151 CAPUT
643 118 664 151 Ι.
690 120 709 160 ς’
738 120 922 152 129-131,
971 118 1004 151 ΙΙ.
1031 121 1048 159 ᾗ
1079 122 1105 152 1.
1132 122 1162 152 2.
1471 128 1522 155 ot)

109 237 223 275 etiam
255 248 407 274 morum
429 226 752 286 gratia‘iegencia;
789 236 854 274 scd
888 235 925 273 in
949 234 1168 286 eloquendo
1191 242 1375 286 corrupta
1398 237 1525 286 plera-

110 306 184 344 que
215 299 329 344 atque
359 304 404 330 eo
435 290 782 342 perniciosissima,
819 291 923 342 quod
960 291 1160 330 abundant
1196 291 1374 331 dulcibus
1414 292 1522 330 vitiis.

109 349 233 388 velles
265 361 351 387 eum
381 360 452 386 suo
483 347 641 397 ingenio
672 348 823 395 dixisse,
853 348 979 386 alieno
1010 347 1162 387 iudicio.

109 405 416 456 contempsisset,
438 404 468 442 si
491 416 627 454 parum
647 417 724 443 non
743 404 1003 455 concupisset,
1024 404 1055 443 si
1073 417 1152 443 non
1173 404 1301 442 omnia
1319 416 1385 443 sua
1403 416 1525 444 amas-

108 468 177 508 set,
200 462 228 500 si
251 473 382 499 rerum
400 461 571 512 pondera
598 460 864 499 minutissimis
885 461 1090 499 sententiis
1107 473 1187 499 non
1211 461 1399 511 fregisset,
1429 474 1525 500 con-

107 530 222 557 sensu
245 517 374 567 potius
396 516 637 555 eruditurum
661 530 774 567 quam
799 529 1011 568 puerorum
1033 529 1164 555 amore
1189 517 1524 568 comprobaretur.

1221 347 1315 386 Nam
1345 348 1375 386 si
1397 348 1522 399 aliqua
1538 353 1592 385 130

110 574 249 612 Verum
271 573 324 612 sic
348 585 504 624 quoquc
526 573 597 611 iam
622 573 793 612 robustis
815 580 851 612 et
872 573 1065 612 severiore
1086 585 1231 624 genere
1254 574 1345 613 satis
1366 574 1526 613 firmatis
1541 577 1594 610 131.

109 630 295 680 legendus
313 630 370 668 vel
388 630 486 676 ideo,
505 631 606 680 quod
625 642 808 668 exercerc
828 636 951 681 potest
974 630 1170 680 utrimque
1188 630 1385 669 iudicium.
1409 630 1527 669 Multa

107 686 223 733 enim,
247 693 288 724 ut
309 686 397 732 dixi,
420 685 621 737 probanda
645 686 682 724 in
707 699 764 732 eo,
797 686 917 724 multa
948 686 1062 724 etiam
1085 686 1310 725 admiranda
1331 693 1434 733 sunt,
1458 687 1526 725 eli-

107 754 197 793 gere
220 743 334 780 modo
359 755 473 780 curae
495 742 563 789 sit;
587 742 689 793 quod
714 743 861 780 utinam
879 742 961 793 ipsc
978 742 1143 781 fecisset.
1188 743 1309 793 Digna
1331 744 1434 782 enim
1457 745 1528 783 fuit

106 798 168 837 ina
193 805 339 842 natura,
363 811 459 849 quae
483 799 641 837 meliora
663 798 795 846 vellet3
818 799 922 848 quod
944 798 1064 836 voluit
1086 799 1224 838 effecit.

699 1034 843 1081 CAPUT
880 1035 928 1081 ll.

526 1135 607 1180 DE
658 1135 1107 1182 IMITATIONE.

219 1259 274 1297 Ex
308 1259 364 1297 his
394 1259 611 1309 ceterisque
643 1259 809 1298 lectione
839 1259 966 1310 (lignis
995 1258 1219 1299 auctoribus
1250 1266 1287 1298 et
1317 1259 1526 1298 verborum

104 1315 291 1355 sumenda
314 1315 422 1366 copia
441 1321 497 1354 est
514 1321 552 1354 ct
568 1316 730 1354 varietas
747 1317 961 1367 figurarum
977 1322 1014 1354 ct
1031 1316 1294 1367 componendi
1311 1316 1420 1363 ratio,
1444 1323 1525 1355 tum

104 1373 148 1411 ad
179 1371 400 1422 exemplum
428 1372 616 1410 virtutum
649 1373 823 1411 omniun]
848 1384 960 1411 mens
989 1372 1212 1421 derigenda.
1254 1372 1389 1423 Neque
1421 1373 1527 1411 enim

104 1428 271 1467 dubitari
292 1434 432 1478 potest,
455 1428 547 1479 quin
571 1428 663 1467 artis
684 1441 773 1479 pars
790 1440 930 1479 magna
952 1429 1199 1467 contineatur
1221 1428 1440 1467 imitatio
1455 1442 1478 1467 n
1493 1442 1525 1468 e.

102 1485 198 1524 Nam
219 1491 264 1523 ut
284 1484 459 1523 invenire
487 1484 659 1535 primum
689 1485 761 1524 fuit
790 1491 925 1536 estque
958 1485 1228 1536 praecipuum,
1259 1485 1313 1524 sic
1336 1497 1391 1532 ca,
1425 1498 1524 1536 quae

104 1541 205 1580 bene
226 1541 383 1579 inventa
403 1546 506 1587 sunt,
528 1541 621 1580 utile
644 1541 766 1592 sequi.
818 1542 943 1592 Atque
966 1541 1093 1580 omnis
1113 1541 1211 1580 vitae
1233 1541 1330 1580 ratio
1353 1542 1407 1581 sic
1430 1554 1525 1580 con-

105 1603 191 1644 stat,
213 1603 256 1636 ut
273 1609 371 1648 quae
389 1597 600 1647 probamus
616 1597 655 1636 in
679 1598 772 1643 aliis,
797 1598 922 1636 facere
939 1598 1012 1649 ipsi
1029 1598 1204 1636 velimus.
1228 1597 1291 1637 Sic
1308 1598 1527 1637 litterarum

103 1654 255 1700 ductus,
277 1660 319 1692 nt
339 1653 533 1692 scribendi
551 1654 616 1693 fiat
637 1667 742 1701 usuS,
764 1655 875 1706 pueri
893 1661 1136 1705 sequuntur;
1158 1655 1212 1694 sic
1233 1655 1370 1694 musici
1393 1667 1527 1694 vocem

103 1743 250 1783 dialogi.
287 1740 360 1775 Von
386 1742 501 1774 diesen
519 1742 710 1784 (iattungen
735 1742 779 1774 ist

847 1743 958 1782 Quint.
984 1743 1029 1775 im
1048 1742 1236 1784 Gegensatz
1252 1753 1318 1776 von
1334 1754 1425 1785 puer
1441 1744 1527 1776 auch

103 1797 166 1819 uns
183 1787 217 1818 in
235 1786 300 1819 den
317 1792 412 1819 sonst
429 1787 638 1820 zahlreichen
655 1786 779 1819 Schrif-

848 1791 927 1827 5,1.
964 1787 1039 1829 Vgl.
1068 1787 1150 1829 Nep.
1176 1787 1247 1820 Alc.
1274 1789 1304 1820 2.

105 1838 160 1865 ten
179 1830 326 1864 Senecas
344 1831 453 1864 nichts
471 1832 569 1873 iibrig
591 1831 778 1874 geblieben.

150 1877 309 1908 dulcibus
337 1878 449 1913 vitiis,
482 1887 523 1909 an
549 1876 779 1919 Eigenheiten,

103 1921 157 1954 die
182 1931 272 1953 zwar
295 1921 402 1956 viele,
431 1921 616 1954 besonders
636 1923 780 1963 jungere

102 1966 207 2000 Leute
245 1966 387 1999 blenden
432 1966 498 1998 und
540 1967 640 2000 ibnen
681 1967 781 1999 nach-

103 2011 355 2054 ahmungswert
379 2012 586 2052 erscheinen‚
616 2011 780 2045 trotzdem

103 2056 182 2090 aber
207 2057 256 2089 als
273 2055 392 2089 Fehler
408 2067 448 2089 zu
472 2057 677 2090 bezeichnen
694 2056 780 2090 sind.

151 2102 262 2135 Velles
275 2119 318 2126 -—
332 2101 476 2143 iudicio,
489 2103 582 2135 seine
596 2102 779 2135 Gedanken

103 2157 217 2180 waren
234 2146 457 2187 vortrefflich‚
479 2148 551 2180 sein
569 2147 779 2180 Geschmack

102 2191 178 2225 liess
201 2192 269 2225 viel
294 2202 335 2225 zu
360 2192 544 2225 wunschen
568 2193 676 2236 iibrig.

150 2239 224 2271 130.
249 2236 343 2269 Nam
359 2256 403 2261 —-
421 2240 649 2280 concupisset.
698 2238 778 2271 Eine

105 2281 356 2324 betriedigende
364 2282 712 2326 Wiederherstellung
721 2283 779 2316 der

105 2325 222 2360 Worte
245 2327 291 2360 ist
315 2327 428 2360 hisher
452 2328 545 2361 nicht
569 2328 748 2371 gelungen.

150 2381 278 2404 amore.
302 2371 387 2416 Vglz
398 2372 450 2413 VI,
466 2375 496 2414 2,
513 2375 570 2406 12:
597 2384 697 2406 amor
713 2371 780 2407 πά-

104 2415 188 2457 θος,
213 2419 344 2449 caritas
367 2416 467 2459 ἦθος.
514 2418 549 2450 In
575 2429 675 2451 amor
698 2419 779 2461 liegt

104 2462 222 2548 i5mmer
243 2466 348 2495 etwas
366 2462 726 2500 Leidensehastliches:
753 2474 780 2496 s.

149 2507 203 2539 94.
228 2507 258 2546 2,
288 2508 338 2539 19.

149 2553 304 2583 robustis
314 2577 321 2592 ,

380 2546 669 2592 ‘Erwachsenen’;
726 2554 779 2586 bei

892 1834 1080 1875 utrimque,
1095 1833 1128 1864 in
1148 1833 1385 1874 tibertragener
1398 1832 1528 1865 Bedeu—

850 1881 931 1919 tung
955 1887 1023 1909 von
1041 1877 1105 1909 den
1126 1877 1244 1910 beiden
1262 1877 1528 1910 verschiedenen

848 1922 1013 1963 Parteien,
1042 1921 1157 1964 h‘a'mfig
1182 1922 1237 1955 bei
1263 1921 1386 1961 Quint..
1412 1922 1526 1956 srfiher

848 1967 960 2005 nicht;
986 1966 1053 2009 vgl.
1082 1970 1111 2007 5,
1137 1969 1189 2000 20.

900 2015 926 2046 1.
960 2013 1007 2044 ad
1040 2012 1236 2055 exemplum
1260 2031 1304 2035 ——
1329 2013 1527 2054 dirigenda,

848 2054 947 2090 ‘nach
977 2057 1053 2090 dem
1090 2056 1247 2090 Vorbilde
1277 2076 1319 2081 —
1351 2057 1438 2090 muss
1470 2057 1528 2090 der

850 2102 943 2136 Geist
968 2103 1060 2136 seine
1079 2101 1247 2144 Richtung
1264 2097 1436 2135 erhalten‘.
1475 2102 1527 2142 Vl,

850 2150 880 2188 5,
907 2150 942 2181 2:
969 2148 1119 2189 Ideoque
1135 2158 1209 2189 nos,
1235 2148 1322 2189 quid
1336 2149 1373 2179 in
1391 2158 1529 2191 quaque

849 2204 888 2225 re
922 2193 1135 2235 sequendum
1172 2193 1434 2235 cavendumque
1469 2195 1527 2233 sit,

849 2239 1011 2271 docemus
1028 2249 1070 2270 ac
1088 2238 1250 2280 deinceps
1263 2238 1472 2277 docebimus,
1490 2241 1530 2270 ut

848 2284 895 2316 ad
924 2294 964 2315 ea
1000 2283 1173 2315 iudicium
1210 2283 1401 2324 dirigatur.
1450 2281 1527 2324 Vgl.

850 2331 880 2368 7,
899 2330 936 2362 3:
962 2329 1026 2360 Ad
1048 2328 1295 2369 eoeemplum
1321 2327 1419 2360 heisst
1442 2328 1529 2361 uach

849 2373 925 2406 dem
943 2372 1114 2411 Vorbssde,
1139 2383 1164 2405 s.
1179 2372 1215 2413 11,
1230 2374 1261 2413 3,
1279 2374 1334 2405 12:
1360 2373 1407 2404 ad
1422 2373 1529 2405 Phoe-

849 2420 940 2450 nicis
957 2417 1133 2450 Homerici
1150 2428 1300 2460 exemp
1313 2417 1396 2450 lum
1413 2417 1530 2450 dicere

851 2473 892 2495 ac
927 2462 1064 2501 facere;
1106 2462 1259 2504 dagegen
1300 2464 1344 2495 in
1384 2473 1529 2495 eaeem-

849 2508 967 2551 plum
992 2518 1068 2540 zum
1093 2507 1265 2549 Vorbilde,
1294 2507 1345 2541 als
1369 2507 1525 2545 Vorbild;

851 2553 920 2595 vgl.
945 2553 965 2596 ξ
991 2555 1010 2586 2
1036 2552 1104 2586 und
1132 2555 1183 2586 11.

1557 1546 1575 1577 RQ
