1720 2848
624 95 765 129 cATUT
793 96 856 130 vu.
881 97 902 140 ξ
932 99 1070 131 13—16.
1499 95 1550 134 83

142 214 269 252 monis
289 217 512 252 contextum
534 211 703 251 mirabor
724 225 921 263 umquam,
943 225 1057 263 quem
1076 212 1319 263 iurgantibus
1336 214 1448 251 etiam
1467 226 1552 252 mu-

142 270 310 309 lierculis
322 268 491 307 videmus
506 269 767 319 superfluere;
784 282 872 308 cum
888 282 933 307 eo
952 269 1069 319 quod,
1087 269 1117 307 si
1135 268 1240 307 calor
1255 281 1300 307 ac
1315 270 1474 320 spiritus
1492 276 1552 307 tu-

145 327 197 373 lit,
220 327 445 375 frequenter
466 324 616 372 accidit,
640 331 681 364 ut
697 338 919 364 successum
936 325 1238 376 extemporalem
1256 327 1443 376 consequi
1460 338 1552 364 cura

146 395 222 421 non
246 381 376 433 possit.
418 381 538 419 Deum
561 387 654 420 tunc
683 381 863 427 adfuisse,
894 393 982 420 cum
1012 381 1047 419 id
1071 381 1272 427 evenisset,
1295 387 1444 420 veteres
1465 394 1551 420 ora—
1583 386 1617 418 14

144 445 256 484 tores,
275 442 315 475 ut
332 436 466 475 Cicero
484 437 587 481 dicit,
606 438 770 476 aiebant.
806 438 879 476 Sed
899 437 994 476 ratio
1012 437 1211 476 manifesta
1230 444 1298 476 est.
1340 438 1434 476 Nam
1453 438 1552 477 bene

143 493 320 544 concepti
350 493 523 532 adfectus
551 500 589 532 et
619 499 797 532 recentes
828 506 959 532 rerum
988 494 1175 544 imagines
1196 494 1385 532 continuo
1407 495 1552 545 impetu

143 551 334 595 seruntur,
357 561 454 599 quae
487 562 783 600 nonnumquam
814 561 922 588 mora
952 550 1024 589 stili
1058 550 1318 601 refrigescunt
1348 557 1384 589 et
1415 551 1552 589 dilatae

142 618 220 644 non
244 611 504 644 revertuntur.
548 606 688 657 Utique
711 619 813 651 vero,
835 618 922 645 cum
943 606 1074 645 int'olix
1096 606 1157 644 illa
1175 606 1380 645 verborum
1403 607 1553 646 cavilla-

142 662 194 700 tio
216 661 378 700 accessit
399 668 436 700 et
458 674 596 701 cursus
617 663 662 701 ad
684 663 835 713 singula
858 663 1014 712 vestigia
1035 663 1187 708 restitit,
1212 675 1290 701 non
1315 669 1441 714 potest
1462 664 1553 702 ferri

140 723 318 756 contorta
340 718 406 763 vis,
428 719 507 763 sed,
531 724 572 757 ut
593 719 736 769 optime
759 731 895 758 vocum
911 718 1152 765 singularum
1169 718 1278 757 cedat
1299 719 1450 765 electio,
1475 732 1553 758 non

140 774 325 812 continua
347 774 413 812 sed
436 775 649 825 composita
671 781 740 813 est.

254 830 381 875 Quare
411 829 618 881 capiendae
647 836 739 870 sunt
760 830 843 869 illae
873 831 918 869 de
941 830 1083 880 quibus
1103 830 1177 868 dixi
1202 842 1334 869 rerum
1356 831 1554 882 imagines,
1589 834 1622 865 15

141 898 237 936 quas
258 886 384 924 vocari
406 889 654 941 φαντασίας
676 886 941 932 indicavimus,
965 886 1171 937 omniaque
1188 886 1234 925 de
1251 886 1394 937 quibus
1415 888 1555 926 dicturi

141 943 285 981 erimus
307 954 509 993 personae,
533 943 791 993 quaestiones,
813 955 915 994 spes,
937 949 1075 987 metus,
1100 942 1275 981 habenda
1297 943 1335 982 in
1359 944 1493 987 oculis,
1516 945 1555 982 in

142 999 314 1037 adfectus
335 998 569 1049 recipienda.
613 1000 750 1038 Pectus
771 1006 829 1039 est
851 999 966 1043 enini,
998 998 1102 1049 quod
1124 999 1289 1038 disertos
1312 1000 1413 1044 facit,
1444 1006 1482 1039 et
1502 1001 1556 1039 vis

144 1055 296 1093 mentis.
338 1054 508 1105 Ideoque
529 1056 717 1106 imperitis
739 1067 908 1106 quoque,
936 1056 967 1094 si
997 1055 1111 1094 modo
1133 1062 1225 1094 sunt
1253 1056 1381 1106 aliquo
1403 1057 1556 1095 adfectu

143 1111 339 1157 concitati,
370 1110 486 1149 verba
518 1124 596 1150 non
620 1112 773 1150 desunt.
815 1111 914 1150 Tum
947 1111 1209 1151 intendendus
1229 1112 1393 1156 animus,
1416 1126 1495 1152 non
1519 1114 1558 1152 in
1592 1115 1628 1147 16

143 1167 310 1217 aliquam
332 1179 413 1205 rem
436 1179 554 1206 unam
576 1168 641 1206 sed
664 1170 703 1206 in
725 1168 856 1219 plures
877 1167 989 1207 simul
1012 1168 1237 1215 continuas;
1271 1176 1325 1215 ut,
1347 1169 1377 1208 si
1400 1181 1470 1220 per
1491 1170 1559 1208 ali-

145 1235 259 1274 quam
292 1229 435 1262 rectam
465 1224 562 1262 viam
593 1224 791 1263 mittamus
822 1224 967 1270 oculos,
999 1224 1113 1263 simul
1135 1225 1264 1263 omnia
1286 1237 1383 1275 quae
1405 1226 1557 1265 suntin

144 1292 187 1318 ea
210 1279 389 1330 circaque
411 1280 621 1325 intuemur,
654 1293 734 1319 non
766 1281 943 1319 ultimum
974 1285 1124 1319 tantum
1155 1280 1327 1320 videmus
1349 1282 1414 1320 sed
1438 1295 1559 1333 usque

143 1336 188 1374 ad
207 1335 396 1374 ultimum.
437 1336 551 1375 Addit
567 1337 613 1375 ad
629 1337 837 1376 dicendum
854 1337 969 1375 etiam
987 1337 1113 1387 pudor
1129 1337 1317 1384 stimulos,
1340 1338 1560 1389 mirumque

141 1447 271 1488 passim
301 1447 560 1478 tumultuentur
585 1458 725 1489 eosque,
758 1449 818 1489 qui

141 1491 220 1533 plus
264 1492 410 1523 lionoris
452 1491 567 1523 literis
606 1493 817 1533 tribuerunt,

145 1538 280 1577 ineptos
310 1538 344 1567 et
378 1537 515 1568 ieiunos
547 1540 581 1568 ct
616 1537 750 1579 tepidos
787 1539 820 1568 et

144 1580 313 1621 infir-mosi,
338 1584 379 1612 ut
395 1581 555 1624 quodque
580 1583 720 1614 verbum
739 1592 818 1614 con-

143 1626 463 1658 tumeliosissimum
494 1629 665 1668 occurrit,
703 1626 820 1670 appel-

143 1671 226 1703 lent.

193 1717 243 1748 13.
267 1714 422 1755 fortuiti,
446 1713 534 1748 ‘aufs
560 1712 795 1749 Geratewohl'.

191 1762 407 1799 contextum,
432 1776 476 1788 =
497 1762 666 1792 continua
693 1763 821 1794 oratio.

192 1815 269 1836 enm
283 1815 321 1837 eo
340 1804 442 1846 quod,
459 1800 570 1838 ‘wozu
587 1805 674 1838 noch
692 1805 821 1838 kommt

147 1845 241 1889 dass'‚
267 1848 371 1881 findet
387 1849 460 1882 sich
478 1849 564 1882 noch
589 1850 741 1883 zweimal
768 1850 820 1883 bei

147 1893 272 1934 Quint„
289 1893 474 1927 ausserdem
490 1894 542 1927 bei
558 1894 820 1928 Schriststeilern

149 1939 232 1972 nach
250 1938 380 1977 Livius;
407 1939 460 1972 bei
478 1939 593 1972 Cicero
615 1950 676 1973 nur
700 1941 732 1972 in
758 1940 822 1973 den

148 1983 281 2017 Briet‘en
306 1983 348 2016 ad
372 1984 529 2017 Atticum.

194 2029 283 2061 tulit.
309 2028 373 2062 Das
385 2028 576 2062 Persektum
592 2030 657 2062 wie
670 2028 728 2062 der
738 2030 823 2072 grie-

147 2073 282 2106 chische
325 2074 437 2107 Aorist
482 2074 534 2107 bei
579 2073 821 2107 wiederhotten

149 2117 385 2161 Handlungen;
419 2119 545 2152 ebenso
571 2120 590 2160 ξ
615 2122 654 2153 14
677 2121 824 2152 accessit

147 2182 191 2187 —-
215 2165 357 2198 restitit.
384 2165 414 2205 3,
439 2167 458 2198 6
484 2163 641 2203 refrioeit.

196 2211 246 2242 14.
270 2211 311 2240 ut
336 2209 455 2242 Cicero
486 2209 583 2242 dicit.
630 2208 722 2242 Lars-t
752 2209 823 2242 sich

147 2252 239 2286 nicht
263 2253 488 2287 nachweisen.

192 2309 310 2330 rerum
322 2300 505 2341 imagines,
525 2295 822 2341 ‘Vorstellungen’.

194 2341 431 2385 refrigescunt
442 2363 481 2368 -—
499 2346 736 2385 revertuntur,
754 2344 822 2387 vgl.

149 2388 181 2428 3,
205 2389 236 2420 6.
263 2389 313 2422 33.

194 2430 286 2471 ferri
308 2451 350 2457 —
374 2435 435 2466 vis.
482 2433 547 2467 Das
572 2433 649 2467 Bild
679 2434 723 2466 ist
751 2434 825 2467 her·

151 2486 350 2519 genommen
365 2489 441 2511 vom
456 2478 672 2521 Schleudern‚
690 2479 824 2512 iihnlich

152 2521 266 2556 Cicero
285 2521 373 2556 Orat.
392 2525 444 2566 70,
460 2524 541 2558 234:
568 2524 824 2565 Demosthenes,

887 1449 987 1479 cuius
1011 1457 1081 1479 non
1099 1451 1171 1479 tarn
1193 1449 1376 1480 vibrarent
1398 1448 1564 1490 fulmina,

887 1494 958 1524 nisi
988 1495 1142 1524 numeris
1175 1496 1334 1526 contorta
1371 1493 1564 1535 ferrentur,

889 1546 959 1569 was
985 1536 1096 1575 Quint.
1122 1537 1175 1577 lx,
1200 1540 1230 1577 4,
1256 1540 1296 1571 55
1323 1538 1443 1571 citiert.

934 1585 1094 1614 contorta
1104 1578 1440 1625 vis,‘schwungvolle
1450 1581 1565 1617 Krast’.

935 1629 1104 1659 continua
1119 1646 1164 1651 —
1181 1630 1384 1670 composita,
1408 1625 1494 1669 (aus
1519 1630 1564 1662 ei-

890 1682 964 1705 nem
989 1670 1080 1705 Guss’
1099 1668 1406 1714 —‘Stiickwerk’),
1431 1673 1565 1707 konnen

889 1716 1000 1749 weder
1025 1717 1084 1750 auf
1104 1719 1157 1749 vis
1175 1719 1261 1750 noch
1285 1718 1344 1751 aus
1366 1719 1485 1751 electio
1513 1720 1569 1752 be·

889 1771 995 1804 zogen
1020 1761 1174 1803 werden,
1207 1763 1351 1796 sondern
1386 1773 1462 1796 man
1490 1764 1567 1797 liest

890 1807 1060 1839 zwischen
1093 1806 1156 1839 den
1182 1807 1296 1840 Zeilen
1329 1811 1464 1842 oratio:
1498 1809 1567 1851 vgl.

893 1855 910 1891 ,ξ
939 1853 990 1884 26.
1021 1853 1049 1890 1,
1075 1852 1127 1884 29.

940 1898 977 1929 15
1015 1896 1055 1928 de
1072 1897 1199 1938 quibus
1211 1897 1300 1935 de‘aez‘,
1319 1896 1369 1937 Vl,
1389 1899 1418 1937 2,
1433 1899 1485 1931 29.
1504 1899 1567 1931 30:

895 1941 986 1982 Quas
999 1944 1199 1985 φαντασίας
1216 1941 1341 1974 Graeci
1352 1946 1488 1984 vocant,
1504 1953 1568 1975 nos

890 1996 974 2018 sane
992 1987 1140 2018 visiones
1157 1987 1377 2029 appellemus,
1397 1998 1464 2030 per
1481 1998 1569 2030 quas

892 2033 1064 2072 imagines
1088 2042 1207 2063 rerum
1224 2033 1421 2064 absentium
1440 2035 1491 2065 ita
1515 2044 1569 2065 re-

887 2079 1162 2118 praesentantur
1185 2078 1322 2118 animo,
1352 2081 1393 2110 ut
1413 2088 1472 2110 eas
1497 2088 1570 2110 cer-

890 2131 972 2153 nere
1005 2121 1116 2153 oeulis
1145 2132 1186 2153 ac
1209 2125 1414 2164 praesentes
1443 2124 1569 2155 habere

894 2166 1085 2207 videamur,
1113 2167 1176 2199 has
1200 2169 1358 2209 quisquis
1382 2169 1466 2200 bene
1490 2178 1570 2200 con-

893 2213 1042 2254 ceperit,
1078 2213 1107 2243 is
1138 2213 1208 2244 erit
1229 2214 1265 2244 in
1292 2212 1488 2251 adfectibus
1506 2222 1571 2254 po-

893 2258 1114 2290 tentissimns.

938 2302 1060 2334 Pectus
1084 2320 1126 2324 —
1150 2304 1290 2341 mentis,
1320 2302 1374 2335 ein
1399 2301 1572 2345 Hyperba-

895 2349 962 2378 ton.

944 2392 994 2424 16.
1021 2391 1194 2432 circaque.
1236 2389 1373 2424 Hiermit
1397 2390 1485 2425 kann
1511 2402 1574 2425 nur

895 2435 954 2468 das
984 2435 1134 2477 gemeint
1158 2435 1249 2477 sein,
1281 2446 1352 2470 was
1384 2446 1426 2469 zu
1451 2437 1574 2471 beiden

896 2479 1010 2513 Seiten
1036 2479 1094 2513 der
1119 2479 1245 2514 Strasse
1270 2481 1342 2514 sich
1367 2480 1527 2516 befindet.

940 2525 1055 2567 pudor
1077 2521 1299 2567 ‘Ehrgeffihl'.

1260 2582 1300 2616 6*
