1720 2848
575 136 715 169 CAPUT
740 137 762 171 1.
789 137 809 179 ᾗ
840 139 1024 171 lis—¹23.

1453 135 1505 174 53

93 251 198 290 tione
229 262 526 300 nonnumquam
557 250 711 299 longior
740 257 777 289 et
807 250 1124 290 translationibus
1154 262 1289 302 parum
1323 251 1508 290 modicus.

94 307 215 346 Erant
244 308 344 346 clara
375 312 413 345 et
444 318 571 357 nuper
593 306 768 357 ingenia:
808 320 895 345 nam
919 307 1254 361 et—T-ra-cffluj
1275 307 1507 357 plerumque
1524 315 1576 346 119

93 364 268 403 sublimis
289 369 327 402 et
347 363 438 401 satis
459 369 616 413 apertus
638 363 710 402 l'uit
731 370 768 401 et
789 376 903 414 quem
927 363 1021 402 velle
1053 363 1194 415 optirna
1218 363 1408 410 crederes,
1440 376 1507 402 au-

92 420 195 459 ditus
216 427 344 459 tamen
367 418 509 466 maior;
533 431 619 458 nani
645 426 682 458 et
704 419 818 466 vocis,
841 426 1024 470 quantam
1042 420 1081 458 in
1101 420 1208 458 nullo
1225 420 1402 470 cognovi,
1425 421 1509 458 feli-

93 477 186 516 citas
207 484 245 514 et
264 475 532 527 pronuntiatio
557 476 612 514 vel
641 476 792 515 scaenis
812 477 1022 515 suffectura
1052 483 1087 515 et
1110 476 1228 514 decor
1248 476 1377 514 omnia
1401 476 1510 515 deni-

93 545 168 583 que
198 532 244 578 ei,
275 543 373 582 quae
403 538 495 570 suut
524 538 644 580 extra,
673 533 975 583 supers11e1·unt;
1012 539 1049 571 et
1084 533 1258 571 Vibius
1294 533 1511 584 Crispus

92 588 332 639 compositus
353 588 387 626 ei
410 588 604 628 iucundus
625 596 661 628 et
679 589 926 628 delectationi
947 595 1070 634 natus,
1093 596 1250 640 privatis
1268 595 1394 628 tamen
1418 602 1509 628 cau-

91 645 142 684 sis
164 657 279 695 quam
302 644 468 696 publicis
490 645 637 683 melior.
681 645 774 683 Iuli
789 660 810 684 o
842 646 931 684 Sec
946 659 967 685 u
982 646 1073 684 ndo
1095 646 1124 684 si
1149 646 1304 697 longior
1324 646 1579 697 configis-120

91 708 149 741 set
177 707 299 748 aetas,
337 701 592 740 clarissimum
624 697 799 752 prolecto
829 714 973 740 nomen
1007 702 1170 741 oratoris
1199 702 1301 752 apud
1333 709 1511 753 posteros

91 759 202 796 soret.

258 757 472 796 Adiecisset
510 758 614 796 enim
645 764 760 808 atque
791 757 980 796 adiciebat
1016 759 1156 797 ceteris
1192 758 1397 797 virtutibus
1433 759 1513 798 suis

92 815 197 865 quod
215 814 424 853 desiderari
448 820 586 864 potest.
627 814 669 852 ld
691 820 748 853 est
769 820 907 860 autem,
939 821 982 853 ut
1002 821 1103 853 esset
1124 814 1246 853 multo
1270 815 1392 865 magis
1413 827 1511 866 pug-

94 883 168 909 nax
185 877 220 909 et
239 870 393 921 saepius
409 870 454 908 ad
472 882 604 909 curam
623 883 754 909 rerum
770 871 816 909 ab
834 870 1056 909 elocutione
1074 871 1298 922 respiceret.
1332 871 1510 910 Ceterum
1527 875 1580 907 121

94 928 335 978 interceptus
353 939 510 978 quoque
527 939 712 978 magnum
729 926 802 966 sibi
820 927 988 966 vindieat
1004 928 1149 967 locum:
1176 940 1218 966 ea
1241 935 1298 966 est
1320 927 1512 968 facundia.

93 990 198 1022 tanta
229 984 267 1022 in
301 983 529 1035 explicando
561 984 663 1034 quod
688 984 777 1023 velit
797 984 929 1033 gratia,
962 991 1037 1022 tam
1069 984 1276 1023 candidum
1308 991 1346 1022 et
1367 984 1454 1022 lene
1477 991 1515 1023 et

93 1040 313 1091 speciosum
336 1040 489 1079 dicendi
511 1052 648 1091 genus,
679 1046 784 1079 tanta
814 1040 1022 1079 verborum
1055 1041 1169 1079 etiam
1191 1052 1290 1091 quae
1312 1041 1512 1091 adsumpta

92 1103 185 1136 sunt
205 1097 436 1147 proprietas,
460 1102 563 1135 tanta
581 1096 619 1135 in
639 1096 869 1147 quibusdam
887 1109 932 1135 ex
954 1097 1127 1148 periculo
1146 1097 1276 1148 petitis
1288 1097 1513 1148 significan-

94 1153 155 1191 tia.
198 1152 405 1192 Habebunt
428 1153 494 1203 qui
518 1159 605 1204 post
626 1166 697 1192 nos
726 1153 773 1192 de
795 1152 1017 1192 oratoribus
1038 1153 1212 1192 scribent
1233 1165 1411 1203 magnam
1433 1165 1512 1199 eos,
1530 1156 1583 1188 122

93 1210 160 1259 qui
183 1222 290 1248 nunc
311 1209 453 1260 vigent,
476 1209 674 1248 materiam
692 1222 779 1249 vere
797 1209 990 1248 laudandi.
1034 1209 1134 1249 Sunt
1151 1210 1255 1248 enim
1272 1222 1422 1249 summa
1442 1209 1514 1248 ho-

94 1265 168 1311 die,
190 1265 332 1316 quibus
354 1266 586 1305 inlustratur
615 1267 755 1314 sorum,
785 1267 954 1316 ingenia.
995 1266 1169 1317 Namque
1198 1273 1235 1305 et
1256 1266 1516 1305 consummati

96 1323 168 1360 iam
191 1322 347 1373 patroni
369 1322 563 1361 veteribus
585 1323 830 1362 aemulantur
852 1329 888 1362 et
909 1335 975 1362 eos
992 1323 1174 1362 iuvenum
1192 1322 1238 1361 ad
1261 1323 1405 1374 optima
1429 1329 1514 1362 ten-

94 1378 268 1417 dentium
291 1378 463 1417 imitatur
483 1391 527 1417 ac
549 1379 728 1429 sequitur
748 1379 951 1418 industria.

208 1434 429 1485 Supersunt
459 1435 523 1485 qui
553 1436 601 1474 de
629 1436 873 1493 philosophia
895 1436 1158 1486 scripserunt,
1190 1448 1267 1486 quo
1298 1435 1335 1474 in
1368 1447 1513 1486 genere
1529 1440 1584 1472 123
1633 1430 1685 1478 3)

95 1533 771 1621 deblldifflff'vffissssffitilif

96 1624 198 1657 ler'us
214 1623 408 1666 Trachalus,
434 1624 561 1658 Konsul
585 1627 626 1660 68
646 1619 769 1659 [Ch-r.

95 1634 207 1708 onim.
244 1659 407 1711 &Tr-so,
442 1662 787 1704 um

99 1713 265 1747 Trachali
289 1715 419 1754 heraus,
445 1715 519 1748 eine
543 1715 772 1758 Eigenschast‚

97 1759 150 1836 {lie
175 1759 268 1836 aliehr
292 1759 356 1792 den
382 1759 484 1793 Horer
508 1761 558 1794 als
585 1761 648 1794 den
673 1760 773 1794 Leser

113 1814 187 1837 esse
203 1807 226 1837 t.

65 1845 70 1852 “
144 1851 287 1891 optima,
311 1859 378 1882 von
403 1850 479 1882 deni
505 1850 567 1883 Stil
593 1854 722 1892 gesagt.

143 1894 348 1935 suffectura,
365 1894 598 1934 konditionell,
613 1895 700 1928 ohne
715 1895 772 1928 be-

99 1938 288 1981 ‹lingenden
314 1939 525 1973 Vordersatz.

179 1985 271 2016 ibias
296 1984 372 2018 Cris
398 1995 438 2017 us
488 1990 583 2018 unter
607 1984 695 2025 ἕξω
724 1985 773 2017 als

98 2028 124 2062 D
161 2033 235 2062 ator
259 2040 324 2062 von
352 2034 514 2072 traurlger
531 2029 773 2071 Beruhmtheit,

98 2074 216 2108 blfihte
240 2075 290 2108 als
308 2074 440 2108 Redner
463 2075 549 2108 noch
574 2080 672 2108 unter
694 2074 774 2108 Ves-

99 2129 225 2163 pasian.

148 2166 221 2198 120.
254 2165 344 2197 Iulio
370 2164 555 2206 δεοιιηψι,Α
580 2165 649 2208 vgl.
676 2167 705 2205 3,
735 2167 772 2199 12

101 2209 167 2243 und
190 2209 258 2249 xl,
287 2212 336 2250 10,
364 2212 415 2251 11,
442 2220 496 2243 wo
520 2211 589 2243 ihm
614 2220 774 2253 vorzugs-

101 2255 203 2288 weise
213 2256 390 2297 elegantia
403 2256 665 2298 zugeschrieben
680 2255 775 2296 wird,

102 2300 281 2342 gestorben
307 2310 361 2333 um
388 2301 428 2334 88
455 2311 486 2334 n.
513 2301 585 2334 Chr.

145 2338 337 2386 adiciebal‚
364 2355 399 2378 er
424 2342 515 2379 hatte
540 2340 645 2379 Hamit
669 2347 773 2380 sehon

100 2388 319 2431 angerangen.

152 2435 209 2468 121
216 2459 223 2467 .
230 2436 454 2478 interceptas,
464 2435 590 2478 ngVl,
600 2435 769 2469 prooem

100 2482 131 2511 si
156 2489 207 2511 me
230 2498 275 2502 —
296 2479 374 2518 fata
398 2483 676 2523 inter-cepissent.

147 2524 341 2567 adsumpta.
380 2524 456 2567 vgl.
482 2525 562 2567 vm,
582 2527 613 2567 3,
631 2528 690 2560 43:
716 2527 775 2559 ad-

100 2580 239 2602 sumere
267 2580 325 2609 ea,
350 2571 476 2611 quibus
498 2571 669 2604 illustrem
697 2571 778 2611 fieri

839 1537 1037 1568 orationem
1046 1537 1162 1577 putat,
1175 1535 1318 1576 delecta,
1330 1535 1516 1574 translata,

838 1580 1028 1622 superlata,
1047 1580 1095 1612 ad
1110 1590 1234 1612 nomen
1252 1580 1433 1619 adiuncta,
1455 1580 1518 1612 du-

835 1626 974 1668 plicata
1005 1628 1038 1657 et
1062 1625 1151 1657 idem
1175 1624 1438 1667 significantia,
1465 1627 1517 1657 at-

841 1681 907 1713 que
931 1672 972 1703 ab
999 1672 1074 1712 ipsa
1099 1672 1239 1703 actione
1266 1673 1371 1711 atque
1402 1671 1518 1702 imita-

841 1718 935 1749 tione
958 1726 1078 1748 ret-um
1103 1726 1174 1747 non
1198 1716 1437 1749 abhorrentia.

887 1772 931 1794 eae
942 1761 1101 1803 periculo
1117 1762 1240 1802 petita,
1255 1756 1424 1802 ‘gewagte
1432 1761 1519 1793 Aus-

840 1802 988 1845 drucke’,
1013 1806 1080 1848 vgl.
1099 1805 1134 1845 ll,
1159 1807 1210 1845 12,
1228 1808 1262 1838 5:
1289 1805 1385 1847 quod
1407 1808 1456 1836 est
1480 1806 1517 1836 in

842 1851 1038 1883 elocutione
1069 1853 1144 1892 ipsa
1174 1849 1382 1892 periculum.
1437 1848 1518 1886 Vlll,

842 1898 873 1935 6,
891 1898 926 1928 11
942 1909 948 1927 :
975 1906 1064 1937 quae
1087 1895 1218 1927 audaci
1231 1898 1264 1926 et
1282 1897 1447 1936 proxime
1459 1905 1520 1937 pe-

842 1940 996 1973 riculum
1021 1940 1254 1972 translatione
1278 1940 1462 1973 tolluntur.

892 1987 964 2019 122.
987 1995 1120 2017 summa
1135 2004 1175 2008 ——
1191 1987 1345 2027 ingenia.
1387 1984 1445 2018 Die
1465 1985 1520 2018 be-

843 2030 1030 2063 deutenden
1064 2030 1210 2069 Redner,
1244 2030 1375 2063 welche
1405 2030 1517 2068 Quint.

842 2076 914 2109 hier
939 2076 1053 2115 meint,
1078 2075 1192 2108 lernen
1218 2075 1280 2108 wir
1304 2075 1437 2108 keunen
1459 2085 1519 2108 aus

843 2121 907 2154 den
932 2120 1066 2154 Briesen
1099 2120 1159 2153 des
1188 2119 1318 2153 Plinius
1351 2120 1419 2153 und
1444 2120 1519 2153 dem

843 2165 1004 2208 Dialogus
1040 2165 1100 2198 des
1134 2165 1290 2199 Tacitus:
1332 2175 1368 2198 es
1405 2175 1518 2198 waren

844 2211 955 2244 ausser
985 2211 1099 2244 diesen
1133 2211 1254 2244 beiden
1287 2211 1395 2244 selbst
1418 2211 1518 2252 Aper,

843 2255 1032 2296 Marcellus,
1058 2255 1226 2288 Maternus
1252 2266 1284 2290 u.
1309 2266 1338 2288 a.

889 2303 1131 2342 consummati,
1148 2301 1216 2342 vgl.
1231 2311 1270 2333 zu
1285 2300 1306 2344 ξ
1319 2302 1374 2341 89,
1391 2300 1424 2332 in
1440 2299 1519 2333 Ver-

845 2346 996 2388 bindung
1020 2346 1080 2378 mit
1103 2345 1285 2387 perfectus
1310 2344 1348 2382 V,
1377 2347 1427 2385 10,
1455 2346 1518 2378 119

845 2402 889 2423 ue
911 2410 955 2415 —
976 2390 1208 2433 perfectos
1232 2401 1268 2422 se
1286 2392 1451 2430 prott'nus
1467 2393 1520 2423 at-

846 2447 911 2478 que
936 2438 1260 2468 consummatos
1281 2438 1417 2477 putent.

891 2482 1064 2513 veteribus
1087 2481 1321 2521 aemulantur,
1346 2490 1388 2513 an
1413 2479 1522 2513 dieser

847 2525 952 2559 Stelle
978 2525 1079 2558 allein
1097 2526 1185 2558 steht
1202 2525 1256 2558 bei
1274 2525 1449 2558 aemulam·
1464 2525 1523 2558 der

847 2570 955 2604 Dativ.
981 2570 1039 2603 der
1063 2570 1244 2604 Accusativ
1269 2571 1287 2613 ξ
1309 2572 1361 2604 62.
1388 2571 1419 2611 2,
1439 2572 1490 2604 17.
