<?xml version="1.0" encoding="UTF-8"?>
<!DOCTYPE html PUBLIC "-//W3C//DTD XHTML 1.0 Transitional//EN"
    "http://www.w3.org/TR/xhtml1/DTD/xhtml1-transitional.dtd">
<html xmlns="http://www.w3.org/1999/xhtml" xml:lang="en" lang="en">
 <head>
  <title>
</title>
<meta http-equiv="Content-Type" content="text/html;charset=utf-8" />
  <meta name='ocr-system' content='tesseract 3.04.00' />
  <meta name='ocr-capabilities' content='ocr_page ocr_carea ocr_par ocr_line ocrx_word'/>
</head>
<body>
  <div class='ocr_page' id='page_1' title='image "./deciinstitutioni00quinuoft_0031.png"; bbox 0 0 1720 2848; ppageno 0'>
   <div class='ocr_carea' id='block_1_1' title="bbox 604 125 1512 169">
    <p class='ocr_par' dir='ltr' id='par_1_1' title="bbox 604 125 1512 169">
     <span class='ocr_line' id='line_1_1' title="bbox 604 125 1512 169; baseline 0.003 -10"><span class='ocrx_word' id='word_1_1' title='bbox 604 126 745 160; x_wconf 71' lang='lat' dir='ltr'>cAch</span> <span class='ocrx_word' id='word_1_2' title='bbox 770 127 790 160; x_wconf 85' lang='lat'>1.</span> <span class='ocrx_word' id='word_1_3' title='bbox 817 127 838 169; x_wconf 64' lang='grc' dir='ltr'><strong>ς</strong></span> <span class='ocrx_word' id='word_1_4' title='bbox 863 129 1006 160; x_wconf 74' lang='lat'>37—41.</span> <span class='ocrx_word' id='word_1_5' title='bbox 1463 125 1512 162; x_wconf 80' lang='lat'>27</span> 
     </span>
    </p>
   </div>
   <div class='ocr_carea' id='block_1_2' title="bbox 97 241 1584 294">
    <p class='ocr_par' dir='ltr' id='par_1_2' title="bbox 97 241 1584 294">
     <span class='ocr_line' id='line_1_2' title="bbox 97 241 1584 294; baseline -0.002 -11"><span class='ocrx_word' id='word_1_6' title='bbox 97 243 272 294; x_wconf 80' lang='lat' dir='ltr'>singulos</span> <span class='ocrx_word' id='word_1_7' title='bbox 301 242 442 281; x_wconf 79' lang='lat' dir='ltr'>infiniti</span> <span class='ocrx_word' id='word_1_8' title='bbox 473 242 588 280; x_wconf 81' lang='lat' dir='ltr'>fuerit</span> <span class='ocrx_word' id='word_1_9' title='bbox 616 242 757 291; x_wconf 84' lang='lat' dir='ltr'>operis.</span> <span class='ocrx_word' id='word_1_10' title='bbox 795 241 948 291; x_wconf 84' lang='lat' dir='ltr'><strong>Quippe</strong></span> <span class='ocrx_word' id='word_1_11' title='bbox 980 253 1067 279; x_wconf 91' lang='lat' dir='ltr'>cum</span> <span class='ocrx_word' id='word_1_12' title='bbox 1090 241 1127 279; x_wconf 94' lang='lat' dir='ltr'>in</span> <span class='ocrx_word' id='word_1_13' title='bbox 1152 241 1274 279; x_wconf 89' lang='lat' dir='ltr'>Bruto</span> <span class='ocrx_word' id='word_1_14' title='bbox 1297 241 1345 278; x_wconf 80' lang='lat' dir='ltr'>M.</span> <span class='ocrx_word' id='word_1_15' title='bbox 1369 242 1517 279; x_wconf 73' lang='lat' dir='ltr'>Tullius</span> <span class='ocrx_word' id='word_1_16' title='bbox 1548 250 1584 280; x_wconf 61' lang='grc'>33</span> 
     </span>
    </p>
   </div>
   <div class='ocr_carea' id='block_1_3' title="bbox 97 297 1517 519">
    <p class='ocr_par' dir='ltr' id='par_1_3' title="bbox 97 297 1517 519">
     <span class='ocr_line' id='line_1_3' title="bbox 98 297 1511 347; baseline -0.002 -9"><span class='ocrx_word' id='word_1_17' title='bbox 98 306 151 338; x_wconf 88' lang='lat' dir='ltr'>tot</span> <span class='ocrx_word' id='word_1_18' title='bbox 176 299 331 338; x_wconf 87' lang='lat' dir='ltr'>milibus</span> <span class='ocrx_word' id='word_1_19' title='bbox 351 309 531 336; x_wconf 88' lang='lat' dir='ltr'>versuum</span> <span class='ocrx_word' id='word_1_20' title='bbox 564 297 610 335; x_wconf 86' lang='lat' dir='ltr'>dc</span> <span class='ocrx_word' id='word_1_21' title='bbox 632 297 818 336; x_wconf 83' lang='lat' dir='ltr'>Romanis</span> <span class='ocrx_word' id='word_1_22' title='bbox 840 304 989 336; x_wconf 91' lang='lat' dir='ltr'>tantum</span> <span class='ocrx_word' id='word_1_23' title='bbox 1021 297 1240 336; x_wconf 85' lang='lat' dir='ltr'>oratoribus</span> <span class='ocrx_word' id='word_1_24' title='bbox 1270 297 1452 347; x_wconf 89' lang='lat' dir='ltr'>loquatur</span> <span class='ocrx_word' id='word_1_25' title='bbox 1479 305 1511 335; x_wconf 85' lang='lat' dir='ltr'>et</span> 
     </span>
     <span class='ocr_line' id='line_1_4' title="bbox 97 353 1517 403; baseline -0.002 -9"><span class='ocrx_word' id='word_1_26' title='bbox 97 363 224 394; x_wconf 87' lang='lat' dir='ltr'>tamen</span> <span class='ocrx_word' id='word_1_27' title='bbox 247 355 294 393; x_wconf 87' lang='lat' dir='ltr'>de</span> <span class='ocrx_word' id='word_1_28' title='bbox 315 353 497 392; x_wconf 89' lang='lat' dir='ltr'>omnibus</span> <span class='ocrx_word' id='word_1_29' title='bbox 517 354 651 392; x_wconf 87' lang='lat' dir='ltr'>aetatis</span> <span class='ocrx_word' id='word_1_30' title='bbox 672 366 775 398; x_wconf 85' lang='lat' dir='ltr'>suae,</span> <span class='ocrx_word' id='word_1_31' title='bbox 798 353 1030 403; x_wconf 80' lang='lat' dir='ltr'><strong>quibuscum</strong></span> <span class='ocrx_word' id='word_1_32' title='bbox 1052 353 1211 398; x_wconf 82' lang='lat' dir='ltr'>vivebat,</span> <span class='ocrx_word' id='word_1_33' title='bbox 1233 354 1406 403; x_wconf 84' lang='lat' dir='ltr'>exceptis</span> <span class='ocrx_word' id='word_1_34' title='bbox 1422 353 1517 391; x_wconf 86' lang='lat' dir='ltr'>Cae-</span> 
     </span>
     <span class='ocr_line' id='line_1_5' title="bbox 97 409 1516 461; baseline -0.002 -11"><span class='ocrx_word' id='word_1_35' title='bbox 97 425 183 451; x_wconf 89' lang='lat' dir='ltr'>sare</span> <span class='ocrx_word' id='word_1_36' title='bbox 204 418 318 461; x_wconf 84' lang='lat' dir='ltr'>atque</span> <span class='ocrx_word' id='word_1_37' title='bbox 340 409 534 455; x_wconf 83' lang='lat' dir='ltr'>Marcello,</span> <span class='ocrx_word' id='word_1_38' title='bbox 556 410 756 448; x_wconf 84' lang='lat' dir='ltr'>silentium</span> <span class='ocrx_word' id='word_1_39' title='bbox 778 410 920 460; x_wconf 86' lang='lat' dir='ltr'>egerit:</span> <span class='ocrx_word' id='word_1_40' title='bbox 942 410 1029 460; x_wconf 88' lang='lat' dir='ltr'>quis</span> <span class='ocrx_word' id='word_1_41' title='bbox 1050 409 1124 448; x_wconf 86' lang='lat' dir='ltr'>erit</span> <span class='ocrx_word' id='word_1_42' title='bbox 1145 410 1295 454; x_wconf 85' lang='lat' dir='ltr'>modus,</span> <span class='ocrx_word' id='word_1_43' title='bbox 1318 410 1348 448; x_wconf 87' lang='lat' dir='ltr'>si</span> <span class='ocrx_word' id='word_1_44' title='bbox 1372 416 1408 447; x_wconf 84' lang='lat' dir='ltr'>et</span> <span class='ocrx_word' id='word_1_45' title='bbox 1430 410 1516 448; x_wconf 79' lang='lat' dir='ltr'>illos</span> 
     </span>
     <span class='ocr_line' id='line_1_6' title="bbox 98 462 1516 519; baseline -0.002 -13"><span class='ocrx_word' id='word_1_46' title='bbox 98 475 132 507; x_wconf 88' lang='lat' dir='ltr'>et</span> <span class='ocrx_word' id='word_1_47' title='bbox 165 467 229 518; x_wconf 86' lang='lat' dir='ltr'>qui</span> <span class='ocrx_word' id='word_1_48' title='bbox 258 472 390 517; x_wconf 87' lang='lat' dir='ltr'>postea</span> <span class='ocrx_word' id='word_1_49' title='bbox 420 467 580 504; x_wconf 88' lang='lat' dir='ltr'>suerunt</span> <span class='ocrx_word' id='word_1_50' title='bbox 611 472 646 504; x_wconf 81' lang='lat' dir='ltr'>ct</span> <span class='ocrx_word' id='word_1_51' title='bbox 669 466 837 504; x_wconf 86' lang='lat' dir='ltr'>Graecos</span> <span class='ocrx_word' id='word_1_52' title='bbox 866 466 993 504; x_wconf 92' lang='lat' dir='ltr'>omnis</span> <span class='ocrx_word' id='word_1_53' title='bbox 1019 478 1291 517; x_wconf 80' lang='lat' dir='ltr'><strong><em>persequamur</em></strong></span> <span class='ocrx_word' id='word_1_54' title='bbox 1316 462 1368 519; x_wconf 91' lang='lat' dir='ltr'>[et</span> <span class='ocrx_word' id='word_1_55' title='bbox 1390 465 1516 516; x_wconf 86' lang='lat' dir='ltr'>philo-</span> 
     </span>
    </p>
   </div>
   <div class='ocr_carea' id='block_1_4' title="bbox 97 519 1585 575">
    <p class='ocr_par' dir='ltr' id='par_1_4' title="bbox 97 519 1585 575">
     <span class='ocr_line' id='line_1_7' title="bbox 97 519 1585 575; baseline -0.002 -13"><span class='ocrx_word' id='word_1_56' title='bbox 97 519 288 575; x_wconf 79' lang='lat' dir='ltr'>sophos]?</span> <span class='ocrx_word' id='word_1_57' title='bbox 310 521 395 560; x_wconf 87' lang='lat' dir='ltr'>Fuit</span> <span class='ocrx_word' id='word_1_58' title='bbox 418 522 535 569; x_wconf 70' lang='lat' dir='ltr'>icitur</span> <span class='ocrx_word' id='word_1_59' title='bbox 558 522 724 561; x_wconf 77' lang='lat' dir='ltr'>brevitas</span> <span class='ocrx_word' id='word_1_60' title='bbox 747 522 807 560; x_wconf 91' lang='lat' dir='ltr'>illa</span> <span class='ocrx_word' id='word_1_61' title='bbox 830 522 1031 568; x_wconf 83' lang='lat' dir='ltr'>tutissima,</span> <span class='ocrx_word' id='word_1_62' title='bbox 1054 534 1151 572; x_wconf 88' lang='lat' dir='ltr'>quae</span> <span class='ocrx_word' id='word_1_63' title='bbox 1173 528 1228 561; x_wconf 88' lang='lat' dir='ltr'>est</span> <span class='ocrx_word' id='word_1_64' title='bbox 1249 521 1349 572; x_wconf 89' lang='lat' dir='ltr'>apud</span> <span class='ocrx_word' id='word_1_65' title='bbox 1367 522 1516 560; x_wconf 89' lang='lat' dir='ltr'>Livium</span> <span class='ocrx_word' id='word_1_66' title='bbox 1549 528 1585 556; x_wconf 64' lang='lat'>35⁴</span> 
     </span>
    </p>
   </div>
   <div class='ocr_carea' id='block_1_5' title="bbox 97 578 1515 630">
    <p class='ocr_par' dir='ltr' id='par_1_5' title="bbox 97 578 1515 630">
     <span class='ocr_line' id='line_1_8' title="bbox 97 578 1515 630; baseline -0.002 -12"><span class='ocrx_word' id='word_1_67' title='bbox 97 580 136 618; x_wconf 93' lang='lat' dir='ltr'>in</span> <span class='ocrx_word' id='word_1_68' title='bbox 159 578 321 630; x_wconf 87' lang='lat' dir='ltr'>epistola</span> <span class='ocrx_word' id='word_1_69' title='bbox 349 578 394 616; x_wconf 88' lang='lat' dir='ltr'>ad</span> <span class='ocrx_word' id='word_1_70' title='bbox 416 578 535 617; x_wconf 85' lang='lat' dir='ltr'>filium</span> <span class='ocrx_word' id='word_1_71' title='bbox 567 578 730 629; x_wconf 83' lang='lat' dir='ltr'>sc1ipta:</span> <span class='ocrx_word' id='word_1_72' title='bbox 762 578 1006 627; x_wconf 79' lang='lat' dir='ltr'>legendos</span> <span class='ocrx_word' id='word_1_73' title='bbox 1038 578 1409 616; x_wconf 84' lang='lat' dir='ltr'>Demosthenen</span> <span class='ocrx_word' id='word_1_74' title='bbox 1443 584 1515 615; x_wconf 85' lang='lat' dir='ltr'>at—</span> 
     </span>
    </p>
   </div>
   <div class='ocr_carea' id='block_1_6' title="bbox 97 634 539 686">
    <p class='ocr_par' dir='ltr' id='par_1_6' title="bbox 97 634 539 686">
     <span class='ocr_line' id='line_1_9' title="bbox 97 634 539 686; baseline -0.005 -12"><span class='ocrx_word' id='word_1_75' title='bbox 97 647 189 686; x_wconf 91' lang='lat' dir='ltr'>que</span> <span class='ocrx_word' id='word_1_76' title='bbox 225 634 539 678; x_wconf 83' lang='lat' dir='ltr'><strong>Ciceronem</strong></span> 
     </span>
    </p>
   </div>
   <div class='ocr_carea' id='block_1_7' title="bbox 95 635 1585 731">
    <p class='ocr_par' dir='ltr' id='par_1_7' title="bbox 95 635 1585 731">
     <span class='ocr_line' id='line_1_10' title="bbox 582 635 1517 685; baseline -0.001 -13"><span class='ocrx_word' id='word_1_77' title='bbox 582 641 678 673; x_wconf 89' lang='lat' dir='ltr'>tum</span> <span class='ocrx_word' id='word_1_78' title='bbox 719 635 806 678; x_wconf 90' lang='lat' dir='ltr'>ita</span> <span class='ocrx_word' id='word_1_79' title='bbox 848 635 1133 685; x_wconf 80' lang='lat' dir='ltr'>utquisque</span> <span class='ocrx_word' id='word_1_80' title='bbox 1174 640 1305 673; x_wconf 87' lang='lat' dir='ltr'>esset</span> <span class='ocrx_word' id='word_1_81' title='bbox 1347 635 1517 673; x_wconf 87' lang='lat' dir='ltr'>Demo-</span> 
     </span>
     <span class='ocr_line' id='line_1_11' title="bbox 95 690 1585 731; baseline -0.002 0"><span class='ocrx_word' id='word_1_82' title='bbox 95 691 269 731; x_wconf 79' lang='lat' dir='ltr'>Stheni</span> <span class='ocrx_word' id='word_1_83' title='bbox 300 697 341 729; x_wconf 86' lang='lat' dir='ltr'>et</span> <span class='ocrx_word' id='word_1_84' title='bbox 365 690 605 730; x_wconf 77' lang='lat' dir='ltr'>Cicenoni</span> <span class='ocrx_word' id='word_1_85' title='bbox 637 690 954 729; x_wconf 84' lang='lat' dir='ltr'>simillimus..</span> <span class='ocrx_word' id='word_1_86' title='bbox 980 690 1066 728; x_wconf 72' lang='lat' dir='ltr'>Non</span> <span class='ocrx_word' id='word_1_87' title='bbox 1091 697 1306 729; x_wconf 86' lang='lat' dir='ltr'>esttamen</span> <span class='ocrx_word' id='word_1_88' title='bbox 1338 691 1518 729; x_wconf 87' lang='lat' dir='ltr'>dissimu-</span> <span class='ocrx_word' id='word_1_89' title='bbox 1549 697 1585 728; x_wconf 78' lang='lat'>40</span> 
     </span>
    </p>
   </div>
   <div class='ocr_carea' id='block_1_8' title="bbox 95 746 1518 966">
    <p class='ocr_par' dir='ltr' id='par_1_8' title="bbox 95 746 1518 966">
     <span class='ocr_line' id='line_1_12' title="bbox 95 746 1517 797; baseline -0.001 -12"><span class='ocrx_word' id='word_1_90' title='bbox 95 747 206 785; x_wconf 90' lang='lat' dir='ltr'>landa</span> <span class='ocrx_word' id='word_1_91' title='bbox 230 747 352 785; x_wconf 89' lang='lat' dir='ltr'>nostri</span> <span class='ocrx_word' id='word_1_92' title='bbox 374 759 531 797; x_wconf 83' lang='lat' dir='ltr'>quoque</span> <span class='ocrx_word' id='word_1_93' title='bbox 553 747 682 785; x_wconf 85' lang='lat' dir='ltr'>iudicii</span> <span class='ocrx_word' id='word_1_94' title='bbox 703 758 865 785; x_wconf 83' lang='lat' dir='ltr'>summa.</span> <span class='ocrx_word' id='word_1_95' title='bbox 906 746 1056 784; x_wconf 89' lang='lat' dir='ltr'>Paucos</span> <span class='ocrx_word' id='word_1_96' title='bbox 1085 746 1189 784; x_wconf 90' lang='lat' dir='ltr'>enim</span> <span class='ocrx_word' id='word_1_97' title='bbox 1219 746 1277 784; x_wconf 80' lang='lat' dir='ltr'>vel</span> <span class='ocrx_word' id='word_1_98' title='bbox 1309 747 1437 796; x_wconf 89' lang='lat' dir='ltr'>potius</span> <span class='ocrx_word' id='word_1_99' title='bbox 1458 747 1517 784; x_wconf 76' lang='lat' dir='ltr'>vix</span> 
     </span>
     <span class='ocr_line' id='line_1_13' title="bbox 97 802 1517 853; baseline -0.001 -12"><span class='ocrx_word' id='word_1_100' title='bbox 97 803 217 842; x_wconf 91' lang='lat' dir='ltr'>ullum</span> <span class='ocrx_word' id='word_1_101' title='bbox 242 815 286 841; x_wconf 77' lang='lat' dir='ltr'>ex</span> <span class='ocrx_word' id='word_1_102' title='bbox 309 803 368 841; x_wconf 89' lang='lat' dir='ltr'>his</span> <span class='ocrx_word' id='word_1_103' title='bbox 391 803 455 853; x_wconf 92' lang='lat' dir='ltr'>qui</span> <span class='ocrx_word' id='word_1_104' title='bbox 478 809 705 842; x_wconf 86' lang='lat' dir='ltr'>vetustatem</span> <span class='ocrx_word' id='word_1_105' title='bbox 735 802 985 853; x_wconf 87' lang='lat' dir='ltr'>pertulerunt</span> <span class='ocrx_word' id='word_1_106' title='bbox 1006 802 1183 840; x_wconf 84' lang='lat' dir='ltr'>existimo</span> <span class='ocrx_word' id='word_1_107' title='bbox 1206 814 1319 852; x_wconf 88' lang='lat' dir='ltr'>posse</span> <span class='ocrx_word' id='word_1_108' title='bbox 1341 803 1517 853; x_wconf 88' lang='lat' dir='ltr'>reperiri.</span> 
     </span>
     <span class='ocr_line' id='line_1_14' title="bbox 96 858 1518 910; baseline -0.003 -13"><span class='ocrx_word' id='word_1_109' title='bbox 96 859 189 910; x_wconf 90' lang='lat' dir='ltr'>quin</span> <span class='ocrx_word' id='word_1_110' title='bbox 212 859 395 898; x_wconf 86' lang='lat' dir='ltr'>iudicium</span> <span class='ocrx_word' id='word_1_111' title='bbox 417 859 691 898; x_wconf 77' lang='lat' dir='ltr'>adhibentibus</span> <span class='ocrx_word' id='word_1_112' title='bbox 708 858 907 897; x_wconf 80' lang='lat' dir='ltr'>adlaturus</span> <span class='ocrx_word' id='word_1_113' title='bbox 928 859 975 897; x_wconf 91' lang='lat' dir='ltr'>sit</span> <span class='ocrx_word' id='word_1_114' title='bbox 996 858 1171 897; x_wconf 84' lang='lat' dir='ltr'>utilitatis</span> <span class='ocrx_word' id='word_1_115' title='bbox 1187 858 1343 908; x_wconf 88' lang='lat' dir='ltr'>aliquid,</span> <span class='ocrx_word' id='word_1_116' title='bbox 1367 871 1456 897; x_wconf 89' lang='lat' dir='ltr'>cum</span> <span class='ocrx_word' id='word_1_117' title='bbox 1478 870 1518 897; x_wconf 66' lang='lat' dir='ltr'>s(-</span> 
     </span>
     <span class='ocr_line' id='line_1_15' title="bbox 96 914 1517 966; baseline -0.001 -12"><span class='ocrx_word' id='word_1_118' title='bbox 96 915 230 954; x_wconf 85' lang='lat' dir='ltr'>Cicero</span> <span class='ocrx_word' id='word_1_119' title='bbox 247 914 294 954; x_wconf 93' lang='lat' dir='ltr'>ab</span> <span class='ocrx_word' id='word_1_120' title='bbox 312 915 385 953; x_wconf 87' lang='lat' dir='ltr'>illis</span> <span class='ocrx_word' id='word_1_121' title='bbox 403 927 559 966; x_wconf 88' lang='lat' dir='ltr'>quoque</span> <span class='ocrx_word' id='word_1_122' title='bbox 576 915 845 954; x_wconf 86' lang='lat' dir='ltr'>vetustissimis</span> <span class='ocrx_word' id='word_1_123' title='bbox 866 914 1103 960; x_wconf 86' lang='lat' dir='ltr'>auctoribus,</span> <span class='ocrx_word' id='word_1_124' title='bbox 1126 914 1341 965; x_wconf 84' lang='lat' dir='ltr'>ingeniosis</span> <span class='ocrx_word' id='word_1_125' title='bbox 1363 914 1517 964; x_wconf 88' lang='lat' dir='ltr'>quidem</span> 
     </span>
    </p>
   </div>
   <div class='ocr_carea' id='block_1_9' title="bbox 95 970 1585 1022">
    <p class='ocr_par' dir='ltr' id='par_1_9' title="bbox 95 970 1585 1022">
     <span class='ocr_line' id='line_1_16' title="bbox 95 970 1585 1022; baseline -0.001 -12"><span class='ocrx_word' id='word_1_126' title='bbox 95 971 160 1010; x_wconf 79' lang='lat' dir='ltr'>sed</span> <span class='ocrx_word' id='word_1_127' title='bbox 183 977 264 1010; x_wconf 89' lang='lat' dir='ltr'>arte</span> <span class='ocrx_word' id='word_1_128' title='bbox 285 971 521 1017; x_wconf 80' lang='lat' dir='ltr'>carentibus,</span> <span class='ocrx_word' id='word_1_129' title='bbox 543 972 754 1022; x_wconf 87' lang='lat' dir='ltr'>plurimum</span> <span class='ocrx_word' id='word_1_130' title='bbox 771 972 936 1010; x_wconf 83' lang='lat' dir='ltr'>fateatur</span> <span class='ocrx_word' id='word_1_131' title='bbox 958 971 1144 1009; x_wconf 88' lang='lat' dir='ltr'>adiutum.</span> <span class='ocrx_word' id='word_1_132' title='bbox 1182 970 1262 1009; x_wconf 73' lang='lat' dir='ltr'>Nec</span> <span class='ocrx_word' id='word_1_133' title='bbox 1279 970 1400 1009; x_wconf 90' lang='lat' dir='ltr'>multo</span> <span class='ocrx_word' id='word_1_134' title='bbox 1416 971 1517 1009; x_wconf 86' lang='lat' dir='ltr'>aliud</span> <span class='ocrx_word' id='word_1_135' title='bbox 1551 976 1585 1008; x_wconf 76' lang='lat'>41</span> 
     </span>
    </p>
   </div>
   <div class='ocr_carea' id='block_1_10' title="bbox 95 1027 1518 1135">
    <p class='ocr_par' dir='ltr' id='par_1_10' title="bbox 95 1027 1518 1135">
     <span class='ocr_line' id='line_1_17' title="bbox 95 1027 1518 1078; baseline -0.001 -12"><span class='ocrx_word' id='word_1_136' title='bbox 95 1028 142 1066; x_wconf 93' lang='lat' dir='ltr'>de</span> <span class='ocrx_word' id='word_1_137' title='bbox 164 1028 273 1066; x_wconf 89' lang='lat' dir='ltr'>novis</span> <span class='ocrx_word' id='word_1_138' title='bbox 293 1028 432 1066; x_wconf 89' lang='lat' dir='ltr'>sentio.</span> <span class='ocrx_word' id='word_1_139' title='bbox 474 1028 626 1073; x_wconf 85' lang='lat' dir='ltr'>Quotus</span> <span class='ocrx_word' id='word_1_140' title='bbox 646 1028 751 1066; x_wconf 87' lang='lat' dir='ltr'>enim</span> <span class='ocrx_word' id='word_1_141' title='bbox 772 1027 937 1078; x_wconf 88' lang='lat' dir='ltr'>quisque</span> <span class='ocrx_word' id='word_1_142' title='bbox 959 1027 1125 1065; x_wconf 83' lang='lat' dir='ltr'>inveniri</span> <span class='ocrx_word' id='word_1_143' title='bbox 1155 1033 1231 1065; x_wconf 89' lang='lat' dir='ltr'>tam</span> <span class='ocrx_word' id='word_1_144' title='bbox 1262 1027 1422 1065; x_wconf 86' lang='lat' dir='ltr'>demens</span> <span class='ocrx_word' id='word_1_145' title='bbox 1448 1039 1518 1077; x_wconf 88' lang='lat' dir='ltr'>po-</span> 
     </span>
     <span class='ocr_line' id='line_1_18' title="bbox 98 1083 1518 1135; baseline -0.001 -13"><span class='ocrx_word' id='word_1_146' title='bbox 98 1089 190 1130; x_wconf 84' lang='lat' dir='ltr'>test,</span> <span class='ocrx_word' id='word_1_147' title='bbox 222 1084 287 1134; x_wconf 84' lang='lat' dir='ltr'>qui</span> <span class='ocrx_word' id='word_1_148' title='bbox 311 1096 358 1122; x_wconf 91' lang='lat' dir='ltr'>ne</span> <span class='ocrx_word' id='word_1_149' title='bbox 382 1083 539 1122; x_wconf 89' lang='lat' dir='ltr'>minima</span> <span class='ocrx_word' id='word_1_150' title='bbox 563 1084 718 1135; x_wconf 83' lang='lat' dir='ltr'>quidem</span> <span class='ocrx_word' id='word_1_151' title='bbox 741 1083 902 1122; x_wconf 87' lang='lat' dir='ltr'>alicuius</span> <span class='ocrx_word' id='word_1_152' title='bbox 924 1089 1029 1121; x_wconf 88' lang='lat' dir='ltr'>certe</span> <span class='ocrx_word' id='word_1_153' title='bbox 1053 1083 1190 1121; x_wconf 81' lang='lat' dir='ltr'>fiducia</span> <span class='ocrx_word' id='word_1_154' title='bbox 1221 1083 1341 1133; x_wconf 81' lang='lat' dir='ltr'>partis</span> <span class='ocrx_word' id='word_1_155' title='bbox 1371 1095 1518 1121; x_wconf 90' lang='lat' dir='ltr'>memo-</span> 
     </span>
    </p>
   </div>
   <div class='ocr_carea' id='block_1_11' title="bbox 94 1170 777 2602">
    <p class='ocr_par' dir='ltr' id='par_1_11' title="bbox 96 1170 773 1347">
     <span class='ocr_line' id='line_1_19' title="bbox 142 1170 771 1209; baseline -0.002 -5"><span class='ocrx_word' id='word_1_156' title='bbox 142 1172 193 1204; x_wconf 84' lang='lat'>38.</span> <span class='ocrx_word' id='word_1_157' title='bbox 219 1172 346 1202; x_wconf 80' lang='lat' dir='ltr'>aetatis</span> <span class='ocrx_word' id='word_1_158' title='bbox 368 1181 468 1209; x_wconf 73' lang='lat' dir='ltr'>suae,</span> <span class='ocrx_word' id='word_1_159' title='bbox 500 1170 559 1204; x_wconf 88' lang='lat' dir='ltr'>das</span> <span class='ocrx_word' id='word_1_160' title='bbox 585 1170 771 1203; x_wconf 89' lang='lat' dir='ltr'>Pronomen</span> 
     </span>
     <span class='ocr_line' id='line_1_20' title="bbox 96 1215 773 1258; baseline 0 -10"><span class='ocrx_word' id='word_1_161' title='bbox 96 1216 327 1258; x_wconf 79' lang='lat' dir='ltr'>possessivum</span> <span class='ocrx_word' id='word_1_162' title='bbox 358 1219 439 1247; x_wconf 79' lang='lat' dir='ltr'>statt</span> <span class='ocrx_word' id='word_1_163' title='bbox 470 1215 528 1248; x_wconf 90' lang='lat' dir='ltr'>des</span> <span class='ocrx_word' id='word_1_164' title='bbox 566 1216 773 1249; x_wconf 79' lang='lat' dir='ltr'>demonstra-</span> 
     </span>
     <span class='ocr_line' id='line_1_21' title="bbox 96 1260 772 1298; baseline 0.001 -6"><span class='ocrx_word' id='word_1_165' title='bbox 96 1261 201 1292; x_wconf 84' lang='lat' dir='ltr'>tivum</span> <span class='ocrx_word' id='word_1_166' title='bbox 233 1261 286 1292; x_wconf 88' lang='lat' dir='ltr'>bei</span> <span class='ocrx_word' id='word_1_167' title='bbox 313 1260 423 1298; x_wconf 82' lang='lat' dir='ltr'>Quint.</span> <span class='ocrx_word' id='word_1_168' title='bbox 455 1261 521 1293; x_wconf 88' lang='lat' dir='ltr'>und</span> <span class='ocrx_word' id='word_1_169' title='bbox 553 1261 665 1293; x_wconf 79' lang='lat' dir='ltr'>Livius</span> <span class='ocrx_word' id='word_1_170' title='bbox 696 1261 772 1293; x_wconf 84' lang='lat' dir='ltr'>sehr</span> 
     </span>
     <span class='ocr_line' id='line_1_22' title="bbox 96 1305 462 1347; baseline 0 -10"><span class='ocrx_word' id='word_1_171' title='bbox 96 1305 220 1341; x_wconf 81' lang='lat' dir='ltr'>siblich,</span> <span class='ocrx_word' id='word_1_172' title='bbox 246 1305 314 1347; x_wconf 79' lang='lat' dir='ltr'>vgl.</span> <span class='ocrx_word' id='word_1_173' title='bbox 341 1308 360 1345; x_wconf 67' lang='grc' dir='ltr'>ς’</span> <span class='ocrx_word' id='word_1_174' title='bbox 390 1307 462 1338; x_wconf 83' lang='grc'>112.</span> 
     </span>
    </p>

    <p class='ocr_par' dir='ltr' id='par_1_12' title="bbox 94 1349 775 1973">
     <span class='ocr_line' id='line_1_23' title="bbox 141 1349 773 1391; baseline -0.002 -9"><span class='ocrx_word' id='word_1_175' title='bbox 141 1351 345 1391; x_wconf 80' lang='lat' dir='ltr'>quibuscum</span> <span class='ocrx_word' id='word_1_176' title='bbox 369 1351 523 1391; x_wconf 72' lang='lat' dir='ltr'>virebat,</span> <span class='ocrx_word' id='word_1_177' title='bbox 555 1349 639 1382; x_wconf 92' lang='lat' dir='ltr'>nach</span> <span class='ocrx_word' id='word_1_178' title='bbox 664 1353 773 1381; x_wconf 86' lang='lat' dir='ltr'>omni-</span> 
     </span>
     <span class='ocr_line' id='line_1_24' title="bbox 96 1394 771 1436; baseline 0.001 -10"><span class='ocrx_word' id='word_1_179' title='bbox 96 1395 157 1426; x_wconf 82' lang='lat' dir='ltr'>bns</span> <span class='ocrx_word' id='word_1_180' title='bbox 181 1397 309 1427; x_wconf 77' lang='lat' dir='ltr'>aetatis</span> <span class='ocrx_word' id='word_1_181' title='bbox 333 1405 417 1426; x_wconf 78' lang='lat' dir='ltr'>suae</span> <span class='ocrx_word' id='word_1_182' title='bbox 441 1395 659 1436; x_wconf 70' lang='lat' dir='ltr'>fiberglflssig,</span> <span class='ocrx_word' id='word_1_183' title='bbox 686 1394 771 1427; x_wconf 90' lang='lat' dir='ltr'>doch</span> 
     </span>
     <span class='ocr_line' id='line_1_25' title="bbox 96 1439 773 1481; baseline 0 -9"><span class='ocrx_word' id='word_1_184' title='bbox 96 1439 154 1472; x_wconf 88' lang='lat' dir='ltr'>der</span> <span class='ocrx_word' id='word_1_185' title='bbox 179 1439 497 1472; x_wconf 84' lang='lat' dir='ltr'>handschristlichen</span> <span class='ocrx_word' id='word_1_186' title='bbox 516 1439 773 1481; x_wconf 82' lang='lat' dir='ltr'>Uberlieserung</span> 
     </span>
     <span class='ocr_line' id='line_1_26' title="bbox 95 1483 772 1525; baseline 0.001 -8"><span class='ocrx_word' id='word_1_187' title='bbox 95 1484 172 1518; x_wconf 87' lang='lat' dir='ltr'>sehr</span> <span class='ocrx_word' id='word_1_188' title='bbox 196 1484 300 1524; x_wconf 87' lang='lat' dir='ltr'>nahe,</span> <span class='ocrx_word' id='word_1_189' title='bbox 326 1483 415 1516; x_wconf 86' lang='lat' dir='ltr'>kann</span> <span class='ocrx_word' id='word_1_190' title='bbox 441 1494 493 1525; x_wconf 88' lang='lat' dir='ltr'>es,</span> <span class='ocrx_word' id='word_1_191' title='bbox 528 1485 592 1517; x_wconf 87' lang='lat' dir='ltr'>wie</span> <span class='ocrx_word' id='word_1_192' title='bbox 617 1485 683 1518; x_wconf 89' lang='lat' dir='ltr'>Cic.</span> <span class='ocrx_word' id='word_1_193' title='bbox 711 1483 772 1518; x_wconf 81' lang='lat' dir='ltr'>Off.</span> 
     </span>
     <span class='ocr_line' id='line_1_27' title="bbox 95 1529 773 1571; baseline -0.003 -8"><span class='ocrx_word' id='word_1_194' title='bbox 95 1529 118 1569; x_wconf 87' lang='grc' dir='ltr'>Ι,</span> <span class='ocrx_word' id='word_1_195' title='bbox 142 1531 196 1569; x_wconf 86' lang='grc'>49,</span> <span class='ocrx_word' id='word_1_196' title='bbox 222 1531 253 1568; x_wconf 83' lang='grc'>5,</span> <span class='ocrx_word' id='word_1_197' title='bbox 279 1531 485 1571; x_wconf 77' lang='lat' dir='ltr'>quibuscum</span> <span class='ocrx_word' id='word_1_198' title='bbox 517 1531 683 1569; x_wconf 72' lang='lat' dir='ltr'>vivimus,</span> <span class='ocrx_word' id='word_1_199' title='bbox 721 1529 773 1562; x_wconf 88' lang='lat' dir='ltr'>die</span> 
     </span>
     <span class='ocr_line' id='line_1_28' title="bbox 96 1574 774 1616; baseline -0.001 -9"><span class='ocrx_word' id='word_1_200' title='bbox 96 1574 337 1616; x_wconf 86' lang='lat' dir='ltr'>Zeitgenossen</span> <span class='ocrx_word' id='word_1_201' title='bbox 355 1574 398 1606; x_wconf 89' lang='lat' dir='ltr'>im</span> <span class='ocrx_word' id='word_1_202' title='bbox 417 1584 562 1616; x_wconf 86' lang='lat' dir='ltr'>engeren</span> <span class='ocrx_word' id='word_1_203' title='bbox 582 1574 696 1615; x_wconf 87' lang='lat' dir='ltr'>Sinne,</span> <span class='ocrx_word' id='word_1_204' title='bbox 714 1575 774 1606; x_wconf 88' lang='lat' dir='ltr'>mit</span> 
     </span>
     <span class='ocr_line' id='line_1_29' title="bbox 95 1618 774 1661; baseline -0.001 -8"><span class='ocrx_word' id='word_1_205' title='bbox 95 1619 203 1652; x_wconf 91' lang='lat' dir='ltr'>denen</span> <span class='ocrx_word' id='word_1_206' title='bbox 235 1628 310 1651; x_wconf 89' lang='lat' dir='ltr'>man</span> <span class='ocrx_word' id='word_1_207' title='bbox 341 1618 499 1652; x_wconf 80' lang='lat' dir='ltr'>verkehrt</span> <span class='ocrx_word' id='word_1_208' title='bbox 533 1620 599 1652; x_wconf 90' lang='lat' dir='ltr'>und</span> <span class='ocrx_word' id='word_1_209' title='bbox 625 1620 774 1661; x_wconf 83' lang='lat' dir='ltr'>umgeht.</span> 
     </span>
     <span class='ocr_line' id='line_1_30' title="bbox 94 1663 773 1706; baseline -0.001 -9"><span class='ocrx_word' id='word_1_210' title='bbox 94 1663 318 1703; x_wconf 73' lang='lat' dir='ltr'>bezeichnen,</span> <span class='ocrx_word' id='word_1_211' title='bbox 366 1664 409 1696; x_wconf 85' lang='lat' dir='ltr'>im</span> <span class='ocrx_word' id='word_1_212' title='bbox 453 1663 663 1706; x_wconf 86' lang='lat' dir='ltr'>Gegensatze</span> <span class='ocrx_word' id='word_1_213' title='bbox 706 1674 773 1697; x_wconf 75' lang='lat' dir='ltr'>von</span> 
     </span>
     <span class='ocr_line' id='line_1_31' title="bbox 97 1708 771 1751; baseline 0 -10"><span class='ocrx_word' id='word_1_214' title='bbox 97 1720 184 1751; x_wconf 79' lang='lat' dir='ltr'>quos</span> <span class='ocrx_word' id='word_1_215' title='bbox 209 1709 355 1741; x_wconf 78' lang='lat' dir='ltr'>viderim</span> <span class='ocrx_word' id='word_1_216' title='bbox 383 1708 403 1751; x_wconf 65' lang='grc' dir='ltr'>ξ</span> <span class='ocrx_word' id='word_1_217' title='bbox 425 1710 478 1741; x_wconf 88' lang='grc'>98.</span> <span class='ocrx_word' id='word_1_218' title='bbox 500 1711 579 1746; x_wconf 80' lang='lat'>118:</span> <span class='ocrx_word' id='word_1_219' title='bbox 606 1719 771 1751; x_wconf 85' lang='lat' dir='ltr'>wogegen</span> 
     </span>
     <span class='ocr_line' id='line_1_32' title="bbox 97 1753 773 1794; baseline 0 -8"><span class='ocrx_word' id='word_1_220' title='bbox 97 1755 223 1787; x_wconf 80' lang='lat' dir='ltr'>aetatis</span> <span class='ocrx_word' id='word_1_221' title='bbox 247 1764 332 1785; x_wconf 78' lang='lat' dir='ltr'>suae</span> <span class='ocrx_word' id='word_1_222' title='bbox 357 1753 409 1786; x_wconf 90' lang='lat' dir='ltr'>die</span> <span class='ocrx_word' id='word_1_223' title='bbox 445 1763 550 1794; x_wconf 83' lang='lat' dir='ltr'>ganze</span> <span class='ocrx_word' id='word_1_224' title='bbox 575 1754 773 1787; x_wconf 85' lang='lat' dir='ltr'>Lebenszeit</span> 
     </span>
     <span class='ocr_line' id='line_1_33' title="bbox 94 1797 772 1840; baseline 0 -9"><span class='ocrx_word' id='word_1_225' title='bbox 94 1798 304 1831; x_wconf 84' lang='lat' dir='ltr'>bezeichnet.</span> <span class='ocrx_word' id='word_1_226' title='bbox 346 1797 420 1840; x_wconf 83' lang='lat' dir='ltr'>Vgt.</span> <span class='ocrx_word' id='word_1_227' title='bbox 436 1798 502 1830; x_wconf 89' lang='lat' dir='ltr'>Cic.</span> <span class='ocrx_word' id='word_1_228' title='bbox 518 1798 608 1832; x_wconf 88' lang='lat' dir='ltr'>Brut.</span> <span class='ocrx_word' id='word_1_229' title='bbox 623 1801 676 1839; x_wconf 86' lang='lat'>65,</span> <span class='ocrx_word' id='word_1_230' title='bbox 691 1800 752 1832; x_wconf 88' lang='lat'>231</span> <span class='ocrx_word' id='word_1_231' title='bbox 766 1812 772 1831; x_wconf 92' lang='lat'>:</span> 
     </span>
     <span class='ocr_line' id='line_1_34' title="bbox 97 1844 772 1885; baseline 0.001 -11"><span class='ocrx_word' id='word_1_232' title='bbox 97 1845 263 1885; x_wconf 85' lang='lat' dir='ltr'>quoniam</span> <span class='ocrx_word' id='word_1_233' title='bbox 296 1845 333 1874; x_wconf 85' lang='lat' dir='ltr'>in</span> <span class='ocrx_word' id='word_1_234' title='bbox 365 1844 430 1875; x_wconf 82' lang='lat' dir='ltr'>lzoc·</span> <span class='ocrx_word' id='word_1_235' title='bbox 463 1854 622 1876; x_wconf 76' lang='lat' dir='ltr'>sermone</span> <span class='ocrx_word' id='word_1_236' title='bbox 654 1847 772 1875; x_wconf 82' lang='lat' dir='ltr'>nostro</span> 
     </span>
     <span class='ocr_line' id='line_1_35' title="bbox 96 1889 775 1930; baseline 0 -10"><span class='ocrx_word' id='word_1_237' title='bbox 96 1889 208 1920; x_wconf 77' lang='lat' dir='ltr'>statui</span> <span class='ocrx_word' id='word_1_238' title='bbox 238 1889 408 1919; x_wconf 80' lang='lat' dir='ltr'>nemiuem</span> <span class='ocrx_word' id='word_1_239' title='bbox 439 1898 577 1929; x_wconf 75' lang='lat' dir='ltr'>eorum,</span> <span class='ocrx_word' id='word_1_240' title='bbox 609 1890 682 1930; x_wconf 80' lang='lat' dir='ltr'>qui</span> <span class='ocrx_word' id='word_1_241' title='bbox 714 1891 775 1920; x_wconf 76' lang='lat' dir='ltr'>vi-</span> 
     </span>
     <span class='ocr_line' id='line_1_36' title="bbox 98 1934 488 1973; baseline -0.003 -9"><span class='ocrx_word' id='word_1_242' title='bbox 98 1935 270 1973; x_wconf 75' lang='lat' dir='ltr'>verent,</span> <span class='ocrx_word' id='word_1_243' title='bbox 296 1934 488 1964; x_wconf 86' lang='lat' dir='ltr'>nominare.</span> 
     </span>
    </p>

    <p class='ocr_par' dir='ltr' id='par_1_13' title="bbox 97 1976 775 2063">
     <span class='ocr_line' id='line_1_37' title="bbox 143 1976 775 2018; baseline 0.002 -9"><span class='ocrx_word' id='word_1_244' title='bbox 143 1977 291 2010; x_wconf 79' lang='lat' dir='ltr'>Caesare</span> <span class='ocrx_word' id='word_1_245' title='bbox 321 1979 426 2018; x_wconf 80' lang='lat' dir='ltr'>atque</span> <span class='ocrx_word' id='word_1_246' title='bbox 454 1976 632 2009; x_wconf 83' lang='lat' dir='ltr'>Marcello.</span> <span class='ocrx_word' id='word_1_247' title='bbox 682 1976 775 2010; x_wconf 87' lang='lat' dir='ltr'>Brut.</span> 
     </span>
     <span class='ocr_line' id='line_1_38' title="bbox 97 2023 342 2063; baseline 0 -9"><span class='ocrx_word' id='word_1_248' title='bbox 97 2023 150 2063; x_wconf 82' lang='lat'>71,</span> <span class='ocrx_word' id='word_1_249' title='bbox 176 2023 342 2056; x_wconf 81' lang='lat'>248—75.</span> 
     </span>
    </p>

    <p class='ocr_par' dir='ltr' id='par_1_14' title="bbox 98 2066 776 2154">
     <span class='ocr_line' id='line_1_39' title="bbox 142 2066 776 2109; baseline 0 -11"><span class='ocrx_word' id='word_1_250' title='bbox 142 2068 220 2108; x_wconf 77' lang='lat' dir='ltr'>quis</span> <span class='ocrx_word' id='word_1_251' title='bbox 230 2068 297 2098; x_wconf 77' lang='lat' dir='ltr'>erit</span> <span class='ocrx_word' id='word_1_252' title='bbox 309 2066 442 2106; x_wconf 77' lang='lat' dir='ltr'>modus,</span> <span class='ocrx_word' id='word_1_253' title='bbox 452 2066 520 2108; x_wconf 78' lang='lat' dir='ltr'>vgl.</span> <span class='ocrx_word' id='word_1_254' title='bbox 531 2066 552 2109; x_wconf 62' lang='grc' dir='ltr'>ξ</span> <span class='ocrx_word' id='word_1_255' title='bbox 563 2068 616 2107; x_wconf 89' lang='grc'>50,</span> <span class='ocrx_word' id='word_1_256' title='bbox 629 2066 776 2099; x_wconf 82' lang='lat' dir='ltr'>Ellendt-</span> 
     </span>
     <span class='ocr_line' id='line_1_40' title="bbox 98 2110 582 2154; baseline 0.002 -10"><span class='ocrx_word' id='word_1_257' title='bbox 98 2110 262 2154; x_wconf 81' lang='lat' dir='ltr'>Seyfferts</span> <span class='ocrx_word' id='word_1_258' title='bbox 287 2110 430 2144; x_wconf 84' lang='lat' dir='ltr'>Gramm.</span> <span class='ocrx_word' id='word_1_259' title='bbox 457 2111 478 2154; x_wconf 64' lang='grc' dir='ltr'>ξ</span> <span class='ocrx_word' id='word_1_260' title='bbox 503 2113 582 2145; x_wconf 85' lang='grc'><strong>228.</strong></span> 
     </span>
    </p>

    <p class='ocr_par' dir='ltr' id='par_1_15' title="bbox 97 2156 777 2602">
     <span class='ocr_line' id='line_1_41' title="bbox 143 2156 774 2198; baseline -0.003 -8"><span class='ocrx_word' id='word_1_261' title='bbox 143 2157 195 2190; x_wconf 86' lang='grc'>39.</span> <span class='ocrx_word' id='word_1_262' title='bbox 214 2156 311 2198; x_wconf 81' lang='lat' dir='ltr'>apud</span> <span class='ocrx_word' id='word_1_263' title='bbox 321 2156 472 2188; x_wconf 84' lang='lat' dir='ltr'>Livium.</span> <span class='ocrx_word' id='word_1_264' title='bbox 505 2156 586 2189; x_wconf 87' lang='lat' dir='ltr'>Eine</span> <span class='ocrx_word' id='word_1_265' title='bbox 604 2166 666 2189; x_wconf 91' lang='lat' dir='ltr'>uns</span> <span class='ocrx_word' id='word_1_266' title='bbox 684 2156 774 2189; x_wconf 89' lang='lat' dir='ltr'>nicht</span> 
     </span>
     <span class='ocr_line' id='line_1_42' title="bbox 97 2201 775 2234; baseline -0.001 0"><span class='ocrx_word' id='word_1_267' title='bbox 97 2201 191 2234; x_wconf 86' lang='lat' dir='ltr'>mehr</span> <span class='ocrx_word' id='word_1_268' title='bbox 215 2201 386 2234; x_wconf 88' lang='lat' dir='ltr'>erhaltene</span> <span class='ocrx_word' id='word_1_269' title='bbox 412 2201 618 2234; x_wconf 81' lang='lat' dir='ltr'>rhetorische</span> <span class='ocrx_word' id='word_1_270' title='bbox 641 2202 775 2234; x_wconf 81' lang='lat' dir='ltr'>Anwei-</span> 
     </span>
     <span class='ocr_line' id='line_1_43' title="bbox 97 2245 775 2288; baseline 0 -9"><span class='ocrx_word' id='word_1_271' title='bbox 97 2255 202 2288; x_wconf 86' lang='lat' dir='ltr'>sung,</span> <span class='ocrx_word' id='word_1_272' title='bbox 232 2246 322 2278; x_wconf 88' lang='lat' dir='ltr'>ohne</span> <span class='ocrx_word' id='word_1_273' title='bbox 347 2245 485 2278; x_wconf 78' lang='lat' dir='ltr'>2weirel</span> <span class='ocrx_word' id='word_1_274' title='bbox 516 2256 582 2278; x_wconf 77' lang='lat' dir='ltr'>von</span> <span class='ocrx_word' id='word_1_275' title='bbox 615 2246 688 2279; x_wconf 88' lang='lat' dir='ltr'>dem</span> <span class='ocrx_word' id='word_1_276' title='bbox 718 2247 775 2279; x_wconf 85' lang='lat' dir='ltr'>be-</span> 
     </span>
     <span class='ocr_line' id='line_1_44' title="bbox 97 2289 774 2324; baseline 0.001 -1"><span class='ocrx_word' id='word_1_277' title='bbox 97 2291 252 2323; x_wconf 78' lang='lat' dir='ltr'>rfihmten</span> <span class='ocrx_word' id='word_1_278' title='bbox 271 2289 458 2323; x_wconf 85' lang='lat' dir='ltr'>Historiker</span> <span class='ocrx_word' id='word_1_279' title='bbox 482 2290 593 2323; x_wconf 89' lang='lat' dir='ltr'>dieses</span> <span class='ocrx_word' id='word_1_280' title='bbox 616 2291 774 2324; x_wconf 89' lang='lat' dir='ltr'>Namens.</span> 
     </span>
     <span class='ocr_line' id='line_1_45' title="bbox 98 2334 773 2375; baseline 0.003 -8"><span class='ocrx_word' id='word_1_281' title='bbox 98 2334 259 2368; x_wconf 69' lang='lat' dir='ltr'>Erwahnt</span> <span class='ocrx_word' id='word_1_282' title='bbox 292 2335 373 2367; x_wconf 88' lang='lat' dir='ltr'>wird</span> <span class='ocrx_word' id='word_1_283' title='bbox 404 2336 453 2368; x_wconf 87' lang='lat' dir='ltr'>sie</span> <span class='ocrx_word' id='word_1_284' title='bbox 485 2335 570 2368; x_wconf 89' lang='lat' dir='ltr'>auch</span> <span class='ocrx_word' id='word_1_285' title='bbox 603 2335 638 2368; x_wconf 88' lang='lat'>11.</span> <span class='ocrx_word' id='word_1_286' title='bbox 675 2337 773 2375; x_wconf 83' lang='lat'>5‚-20</span> 
     </span>
     <span class='ocr_line' id='line_1_46' title="bbox 101 2379 775 2422; baseline 0.001 -11"><span class='ocrx_word' id='word_1_287' title='bbox 101 2379 220 2412; x_wconf 81' lang='lat' dir='ltr'>Cicero</span> <span class='ocrx_word' id='word_1_288' title='bbox 245 2399 286 2403; x_wconf 91' lang='lat'>—</span> <span class='ocrx_word' id='word_1_289' title='bbox 312 2383 346 2411; x_wconf 74' lang='lat' dir='ltr'>et</span> <span class='ocrx_word' id='word_1_290' title='bbox 370 2380 546 2412; x_wconf 77' lang='lat' dir='ltr'>iucundus</span> <span class='ocrx_word' id='word_1_291' title='bbox 574 2382 775 2422; x_wconf 81' lang='lat' dir='ltr'>incipienti-</span> 
     </span>
     <span class='ocr_line' id='line_1_47' title="bbox 100 2426 774 2467; baseline -0.001 -10"><span class='ocrx_word' id='word_1_292' title='bbox 100 2426 162 2457; x_wconf 75' lang='lat' dir='ltr'>bus</span> <span class='ocrx_word' id='word_1_293' title='bbox 192 2434 327 2467; x_wconf 82' lang='lat' dir='ltr'>quoque</span> <span class='ocrx_word' id='word_1_294' title='bbox 357 2428 391 2457; x_wconf 83' lang='lat' dir='ltr'>et</span> <span class='ocrx_word' id='word_1_295' title='bbox 421 2428 564 2467; x_wconf 80' lang='lat' dir='ltr'>apertus</span> <span class='ocrx_word' id='word_1_296' title='bbox 596 2429 646 2457; x_wconf 81' lang='lat' dir='ltr'>est</span> <span class='ocrx_word' id='word_1_297' title='bbox 676 2428 774 2465; x_wconf 79' lang='lat' dir='ltr'>satis,</span> 
     </span>
     <span class='ocr_line' id='line_1_48' title="bbox 99 2469 775 2511; baseline 0.003 -11"><span class='ocrx_word' id='word_1_298' title='bbox 99 2479 164 2501; x_wconf 81' lang='lat' dir='ltr'>nec</span> <span class='ocrx_word' id='word_1_299' title='bbox 197 2469 363 2511; x_wconf 77' lang='lat' dir='ltr'>prodesse</span> <span class='ocrx_word' id='word_1_300' title='bbox 401 2472 539 2502; x_wconf 78' lang='lat' dir='ltr'>tantum</span> <span class='ocrx_word' id='word_1_301' title='bbox 572 2471 634 2502; x_wconf 78' lang='lat' dir='ltr'>sed</span> <span class='ocrx_word' id='word_1_302' title='bbox 668 2472 775 2502; x_wconf 82' lang='lat' dir='ltr'>etiam</span> 
     </span>
     <span class='ocr_line' id='line_1_49' title="bbox 99 2515 775 2557; baseline 0.003 -12"><span class='ocrx_word' id='word_1_303' title='bbox 99 2515 216 2546; x_wconf 79' lang='lat' dir='ltr'>amari</span> <span class='ocrx_word' id='word_1_304' title='bbox 227 2516 364 2555; x_wconf 80' lang='lat' dir='ltr'>potest‚·</span> <span class='ocrx_word' id='word_1_305' title='bbox 382 2517 466 2556; x_wconf 82' lang='lat' dir='ltr'>tum,</span> <span class='ocrx_word' id='word_1_306' title='bbox 483 2515 775 2557; x_wconf 85' lang='lat' dir='ltr'>quemadmodum</span> 
     </span>
     <span class='ocr_line' id='line_1_50' title="bbox 100 2559 777 2602; baseline 0 -11"><span class='ocrx_word' id='word_1_307' title='bbox 100 2559 223 2591; x_wconf 77' lang='lat' dir='ltr'>Livius</span> <span class='ocrx_word' id='word_1_308' title='bbox 251 2560 443 2600; x_wconf 79' lang='lat' dir='ltr'>praecipit,</span> <span class='ocrx_word' id='word_1_309' title='bbox 476 2562 516 2591; x_wconf 83' lang='lat' dir='ltr'>ut</span> <span class='ocrx_word' id='word_1_310' title='bbox 539 2562 684 2602; x_wconf 83' lang='lat' dir='ltr'>quisque</span> <span class='ocrx_word' id='word_1_311' title='bbox 708 2561 777 2591; x_wconf 83' lang='lat' dir='ltr'>erit</span> 
     </span>
    </p>
   </div>
   <div class='ocr_carea' id='block_1_12' title="bbox 839 1170 1527 2556">
    <p class='ocr_par' dir='ltr' id='par_1_16' title="bbox 842 1170 1520 1481">
     <span class='ocr_line' id='line_1_51' title="bbox 843 1170 1520 1206; baseline 0 -4"><span class='ocrx_word' id='word_1_312' title='bbox 843 1171 1005 1204; x_wconf 77' lang='lat' dir='ltr'>Ciceroni</span> <span class='ocrx_word' id='word_1_313' title='bbox 1035 1171 1252 1206; x_wconf 80' lang='lat' dir='ltr'>simillimus:</span> <span class='ocrx_word' id='word_1_314' title='bbox 1290 1171 1342 1202; x_wconf 85' lang='lat' dir='ltr'>ein</span> <span class='ocrx_word' id='word_1_315' title='bbox 1381 1170 1520 1203; x_wconf 81' lang='lat' dir='ltr'>anderes</span> 
     </span>
     <span class='ocr_line' id='line_1_52' title="bbox 842 1214 1519 1248; baseline -0.001 0"><span class='ocrx_word' id='word_1_316' title='bbox 842 1216 1083 1248; x_wconf 81' lang='lat' dir='ltr'>interessantes</span> <span class='ocrx_word' id='word_1_317' title='bbox 1094 1216 1179 1248; x_wconf 86' lang='lat' dir='ltr'>Citat</span> <span class='ocrx_word' id='word_1_318' title='bbox 1195 1226 1253 1248; x_wconf 90' lang='lat' dir='ltr'>aus</span> <span class='ocrx_word' id='word_1_319' title='bbox 1267 1215 1394 1248; x_wconf 85' lang='lat' dir='ltr'>diesem</span> <span class='ocrx_word' id='word_1_320' title='bbox 1410 1214 1519 1247; x_wconf 86' lang='lat' dir='ltr'>Briese</span> 
     </span>
     <span class='ocr_line' id='line_1_53' title="bbox 843 1260 1520 1299; baseline 0 -8"><span class='ocrx_word' id='word_1_321' title='bbox 843 1260 922 1299; x_wconf 77' lang='lat' dir='ltr'>vul,</span> <span class='ocrx_word' id='word_1_322' title='bbox 949 1262 979 1299; x_wconf 76' lang='lat'>2,</span> <span class='ocrx_word' id='word_1_323' title='bbox 1007 1262 1057 1295; x_wconf 80' lang='lat'>18.</span> <span class='ocrx_word' id='word_1_324' title='bbox 1090 1271 1143 1293; x_wconf 90' lang='lat' dir='ltr'>wo</span> <span class='ocrx_word' id='word_1_325' title='bbox 1172 1270 1238 1292; x_wconf 73' lang='lat' dir='ltr'>von</span> <span class='ocrx_word' id='word_1_326' title='bbox 1265 1261 1374 1293; x_wconf 88' lang='lat' dir='ltr'>einem</span> <span class='ocrx_word' id='word_1_327' title='bbox 1400 1260 1520 1292; x_wconf 87' lang='lat' dir='ltr'>Lehrer</span> 
     </span>
     <span class='ocr_line' id='line_1_54' title="bbox 843 1304 1520 1345; baseline -0.001 -7"><span class='ocrx_word' id='word_1_328' title='bbox 843 1305 967 1338; x_wconf 73' lang='lat' dir='ltr'>erzahlt</span> <span class='ocrx_word' id='word_1_329' title='bbox 987 1305 1082 1345; x_wconf 84' lang='lat' dir='ltr'>wird,</span> <span class='ocrx_word' id='word_1_330' title='bbox 1109 1316 1143 1338; x_wconf 87' lang='lat' dir='ltr'>er</span> <span class='ocrx_word' id='word_1_331' title='bbox 1163 1305 1250 1337; x_wconf 87' lang='lat' dir='ltr'>habe</span> <span class='ocrx_word' id='word_1_332' title='bbox 1268 1306 1360 1338; x_wconf 83' lang='lat' dir='ltr'>seine</span> <span class='ocrx_word' id='word_1_333' title='bbox 1380 1304 1520 1337; x_wconf 73' lang='lat' dir='ltr'>Schuler</span> 
     </span>
     <span class='ocr_line' id='line_1_55' title="bbox 843 1349 1519 1392; baseline 0 -10"><span class='ocrx_word' id='word_1_334' title='bbox 843 1350 1081 1391; x_wconf 80' lang='lat' dir='ltr'>ausgesordert.</span> <span class='ocrx_word' id='word_1_335' title='bbox 1108 1350 1171 1383; x_wconf 89' lang='lat' dir='ltr'>den</span> <span class='ocrx_word' id='word_1_336' title='bbox 1198 1349 1430 1392; x_wconf 81' lang='lat' dir='ltr'>Gegenstand.</span> <span class='ocrx_word' id='word_1_337' title='bbox 1457 1349 1519 1382; x_wconf 86' lang='lat' dir='ltr'>den</span> 
     </span>
     <span class='ocr_line' id='line_1_56' title="bbox 843 1394 1518 1435; baseline -0.003 -8"><span class='ocrx_word' id='word_1_338' title='bbox 843 1396 891 1427; x_wconf 83' lang='lat' dir='ltr'>sie</span> <span class='ocrx_word' id='word_1_339' title='bbox 911 1395 1146 1435; x_wconf 87' lang='lat' dir='ltr'>behandelten,</span> <span class='ocrx_word' id='word_1_340' title='bbox 1165 1406 1204 1426; x_wconf 92' lang='lat' dir='ltr'>zu</span> <span class='ocrx_word' id='word_1_341' title='bbox 1224 1394 1442 1435; x_wconf 80' lang='lat' dir='ltr'>verdunkeln,</span> <span class='ocrx_word' id='word_1_342' title='bbox 1461 1395 1518 1426; x_wconf 88' lang='lat' dir='ltr'>mit</span> 
     </span>
     <span class='ocr_line' id='line_1_57' title="bbox 843 1436 1520 1481; baseline 0 -10"><span class='ocrx_word' id='word_1_343' title='bbox 843 1439 917 1472; x_wconf 87' lang='lat' dir='ltr'>dem</span> <span class='ocrx_word' id='word_1_344' title='bbox 944 1440 1175 1481; x_wconf 83' lang='lat' dir='ltr'>griechischen</span> <span class='ocrx_word' id='word_1_345' title='bbox 1202 1439 1317 1472; x_wconf 87' lang='lat' dir='ltr'>Worte</span> <span class='ocrx_word' id='word_1_346' title='bbox 1343 1436 1520 1472; x_wconf 79' lang='grc' dir='ltr'><strong><em>σκότισον.</em></strong></span> 
     </span>
    </p>

    <p class='ocr_par' dir='ltr' id='par_1_17' title="bbox 842 1484 1521 1696">
     <span class='ocr_line' id='line_1_58' title="bbox 888 1484 1520 1526; baseline -0.003 -9"><span class='ocrx_word' id='word_1_347' title='bbox 888 1487 941 1518; x_wconf 75' lang='lat'>40.</span> <span class='ocrx_word' id='word_1_348' title='bbox 967 1486 1030 1526; x_wconf 82' lang='lat' dir='ltr'>qui</span> <span class='ocrx_word' id='word_1_349' title='bbox 1056 1487 1258 1516; x_wconf 76' lang='lat' dir='ltr'>vetustatem</span> <span class='ocrx_word' id='word_1_350' title='bbox 1286 1484 1520 1526; x_wconf 78' lang='lat' dir='ltr'>pertulerunt,</span> 
     </span>
     <span class='ocr_line' id='line_1_59' title="bbox 842 1528 1521 1571; baseline 0.001 -11"><span class='ocrx_word' id='word_1_351' title='bbox 842 1529 1060 1562; x_wconf 80' lang='lat' dir='ltr'>verschieden</span> <span class='ocrx_word' id='word_1_352' title='bbox 1086 1539 1152 1561; x_wconf 75' lang='lat' dir='ltr'>von</span> <span class='ocrx_word' id='word_1_353' title='bbox 1179 1528 1252 1561; x_wconf 91' lang='lat' dir='ltr'>dem</span> <span class='ocrx_word' id='word_1_354' title='bbox 1290 1529 1366 1561; x_wconf 88' lang='lat' dir='ltr'>bald</span> <span class='ocrx_word' id='word_1_355' title='bbox 1392 1529 1521 1571; x_wconf 78' lang='lat' dir='ltr'>folgen-</span> 
     </span>
     <span class='ocr_line' id='line_1_60' title="bbox 843 1574 1519 1608; baseline 0.001 -3"><span class='ocrx_word' id='word_1_356' title='bbox 843 1574 907 1606; x_wconf 88' lang='lat' dir='ltr'>den</span> <span class='ocrx_word' id='word_1_357' title='bbox 925 1576 1163 1608; x_wconf 63' lang='lat' dir='ltr'>mtustissimi.</span> <span class='ocrx_word' id='word_1_358' title='bbox 1185 1574 1333 1606; x_wconf 86' lang='lat' dir='ltr'>insosern</span> <span class='ocrx_word' id='word_1_359' title='bbox 1353 1574 1405 1606; x_wconf 89' lang='lat' dir='ltr'>die</span> <span class='ocrx_word' id='word_1_360' title='bbox 1423 1575 1519 1607; x_wconf 89' lang='lat' dir='ltr'>einen</span> 
     </span>
     <span class='ocr_line' id='line_1_61' title="bbox 844 1619 1519 1661; baseline -0.001 -10"><span class='ocrx_word' id='word_1_361' title='bbox 844 1619 929 1652; x_wconf 89' lang='lat' dir='ltr'>noch</span> <span class='ocrx_word' id='word_1_362' title='bbox 955 1619 1091 1661; x_wconf 85' lang='lat' dir='ltr'>gelesen</span> <span class='ocrx_word' id='word_1_363' title='bbox 1118 1619 1270 1654; x_wconf 83' lang='lat' dir='ltr'>werden.</span> <span class='ocrx_word' id='word_1_364' title='bbox 1296 1619 1349 1652; x_wconf 89' lang='lat' dir='ltr'>die</span> <span class='ocrx_word' id='word_1_365' title='bbox 1374 1619 1519 1652; x_wconf 84' lang='lat' dir='ltr'>anderen</span> 
     </span>
     <span class='ocr_line' id='line_1_62' title="bbox 844 1664 945 1696; baseline 0 0"><span class='ocrx_word' id='word_1_366' title='bbox 844 1664 945 1696; x_wconf 87' lang='lat' dir='ltr'>nicht.</span> 
     </span>
    </p>

    <p class='ocr_par' dir='ltr' id='par_1_18' title="bbox 842 1708 1523 2009">
     <span class='ocr_line' id='line_1_63' title="bbox 887 1708 1520 1750; baseline -0.002 -9"><span class='ocrx_word' id='word_1_367' title='bbox 887 1709 1034 1750; x_wconf 77' lang='lat' dir='ltr'>aliquid.</span> <span class='ocrx_word' id='word_1_368' title='bbox 1083 1708 1141 1741; x_wconf 89' lang='lat' dir='ltr'>Bei</span> <span class='ocrx_word' id='word_1_369' title='bbox 1176 1708 1420 1747; x_wconf 87' lang='lat' dir='ltr'>Redeusarten,</span> <span class='ocrx_word' id='word_1_370' title='bbox 1457 1708 1520 1740; x_wconf 88' lang='lat' dir='ltr'>wie</span> 
     </span>
     <span class='ocr_line' id='line_1_64' title="bbox 842 1752 1523 1796; baseline 0 -11"><span class='ocrx_word' id='word_1_371' title='bbox 842 1754 981 1796; x_wconf 84' lang='lat' dir='ltr'>aliquid</span> <span class='ocrx_word' id='word_1_372' title='bbox 1011 1753 1170 1793; x_wconf 73' lang='lat' dir='ltr'>adferre,</span> <span class='ocrx_word' id='word_1_373' title='bbox 1201 1753 1380 1794; x_wconf 75' lang='lat' dir='ltr'>conferre,</span> <span class='ocrx_word' id='word_1_374' title='bbox 1413 1752 1523 1794; x_wconf 77' lang='lat' dir='ltr'>profi-</span> 
     </span>
     <span class='ocr_line' id='line_1_65' title="bbox 843 1797 1520 1839; baseline -0.001 -9"><span class='ocrx_word' id='word_1_375' title='bbox 843 1809 936 1839; x_wconf 85' lang='lat' dir='ltr'>cere,</span> <span class='ocrx_word' id='word_1_376' title='bbox 962 1801 1140 1830; x_wconf 79' lang='lat' dir='ltr'>remittere</span> <span class='ocrx_word' id='word_1_377' title='bbox 1163 1797 1339 1830; x_wconf 76' lang='lat' dir='ltr'>verbindet</span> <span class='ocrx_word' id='word_1_378' title='bbox 1365 1798 1435 1830; x_wconf 86' lang='lat' dir='ltr'>sich</span> <span class='ocrx_word' id='word_1_379' title='bbox 1461 1797 1520 1829; x_wconf 78' lang='lat' dir='ltr'>das</span> 
     </span>
     <span class='ocr_line' id='line_1_66' title="bbox 843 1842 1521 1876; baseline -0.003 -1"><span class='ocrx_word' id='word_1_380' title='bbox 843 1842 1032 1876; x_wconf 89' lang='lat' dir='ltr'>Pronomen</span> <span class='ocrx_word' id='word_1_381' title='bbox 1066 1843 1132 1875; x_wconf 92' lang='lat' dir='ltr'>und</span> <span class='ocrx_word' id='word_1_382' title='bbox 1160 1842 1305 1875; x_wconf 85' lang='lat' dir='ltr'>Verbum</span> <span class='ocrx_word' id='word_1_383' title='bbox 1339 1853 1377 1874; x_wconf 89' lang='lat' dir='ltr'>zu</span> <span class='ocrx_word' id='word_1_384' title='bbox 1412 1843 1521 1874; x_wconf 87' lang='lat' dir='ltr'>einem</span> 
     </span>
     <span class='ocr_line' id='line_1_67' title="bbox 845 1886 1520 1929; baseline -0.001 -10"><span class='ocrx_word' id='word_1_385' title='bbox 845 1888 996 1929; x_wconf 85' lang='lat' dir='ltr'>einzigen</span> <span class='ocrx_word' id='word_1_386' title='bbox 1026 1887 1152 1929; x_wconf 76' lang='lat' dir='ltr'>Begrifs</span> <span class='ocrx_word' id='word_1_387' title='bbox 1178 1887 1244 1919; x_wconf 90' lang='lat' dir='ltr'>und</span> <span class='ocrx_word' id='word_1_388' title='bbox 1270 1887 1375 1919; x_wconf 81' lang='lat' dir='ltr'>bleibt</span> <span class='ocrx_word' id='word_1_389' title='bbox 1405 1886 1520 1918; x_wconf 90' lang='lat' dir='ltr'>darum</span> 
     </span>
     <span class='ocr_line' id='line_1_68' title="bbox 845 1931 1521 1974; baseline -0.001 -10"><span class='ocrx_word' id='word_1_390' title='bbox 845 1933 930 1965; x_wconf 85' lang='lat' dir='ltr'>auch</span> <span class='ocrx_word' id='word_1_391' title='bbox 965 1933 997 1964; x_wconf 88' lang='lat' dir='ltr'>in</span> <span class='ocrx_word' id='word_1_392' title='bbox 1031 1933 1209 1974; x_wconf 84' lang='lat' dir='ltr'>negativen</span> <span class='ocrx_word' id='word_1_393' title='bbox 1244 1931 1367 1964; x_wconf 75' lang='lat' dir='ltr'>Satzen</span> <span class='ocrx_word' id='word_1_394' title='bbox 1402 1941 1521 1964; x_wconf 83' lang='lat' dir='ltr'>unver—</span> 
     </span>
     <span class='ocr_line' id='line_1_69' title="bbox 844 1977 971 2009; baseline 0 0"><span class='ocrx_word' id='word_1_395' title='bbox 844 1977 971 2009; x_wconf 76' lang='lat' dir='ltr'>andert.</span> 
     </span>
    </p>

    <p class='ocr_par' dir='ltr' id='par_1_19' title="bbox 845 2021 1521 2107">
     <span class='ocr_line' id='line_1_70' title="bbox 890 2021 1521 2062; baseline -0.006 -7"><span class='ocrx_word' id='word_1_396' title='bbox 890 2024 942 2055; x_wconf 77' lang='lat'>41.</span> <span class='ocrx_word' id='word_1_397' title='bbox 969 2021 1078 2053; x_wconf 78' lang='lat' dir='ltr'>multo</span> <span class='ocrx_word' id='word_1_398' title='bbox 1104 2021 1213 2062; x_wconf 78' lang='lat' dir='ltr'>aliud,</span> <span class='ocrx_word' id='word_1_399' title='bbox 1239 2021 1365 2054; x_wconf 89' lang='lat' dir='ltr'>ebenso</span> <span class='ocrx_word' id='word_1_400' title='bbox 1389 2023 1521 2062; x_wconf 79' lang='lat' dir='ltr'>quanto</span> 
     </span>
     <span class='ocr_line' id='line_1_71' title="bbox 845 2067 1066 2107; baseline 0 -9"><span class='ocrx_word' id='word_1_401' title='bbox 845 2067 946 2098; x_wconf 79' lang='lat' dir='ltr'>aliud</span> <span class='ocrx_word' id='word_1_402' title='bbox 968 2068 987 2107; x_wconf 66' lang='grc' dir='ltr'><strong>ξ</strong></span> <span class='ocrx_word' id='word_1_403' title='bbox 1013 2068 1066 2098; x_wconf 86' lang='lat'>53.</span> 
     </span>
    </p>

    <p class='ocr_par' dir='ltr' id='par_1_20' title="bbox 839 2109 1527 2556">
     <span class='ocr_line' id='line_1_72' title="bbox 890 2109 1522 2152; baseline -0.003 -9"><span class='ocrx_word' id='word_1_404' title='bbox 890 2112 930 2143; x_wconf 83' lang='lat' dir='ltr'>de</span> <span class='ocrx_word' id='word_1_405' title='bbox 955 2113 1075 2151; x_wconf 76' lang='lat' dir='ltr'>novis,</span> <span class='ocrx_word' id='word_1_406' title='bbox 1101 2111 1144 2143; x_wconf 89' lang='lat' dir='ltr'>im</span> <span class='ocrx_word' id='word_1_407' title='bbox 1171 2109 1380 2152; x_wconf 82' lang='lat' dir='ltr'>Gegensatze</span> <span class='ocrx_word' id='word_1_408' title='bbox 1414 2118 1522 2151; x_wconf 82' lang='lat' dir='ltr'>gegen</span> 
     </span>
     <span class='ocr_line' id='line_1_73' title="bbox 845 2153 1522 2189; baseline -0.006 0"><span class='ocrx_word' id='word_1_409' title='bbox 845 2156 898 2189; x_wconf 86' lang='lat' dir='ltr'>die</span> <span class='ocrx_word' id='word_1_410' title='bbox 921 2156 1020 2188; x_wconf 82' lang='lat' dir='ltr'>Alten</span> <span class='ocrx_word' id='word_1_411' title='bbox 1047 2166 1108 2188; x_wconf 78' lang='lat' dir='ltr'>vor</span> <span class='ocrx_word' id='word_1_412' title='bbox 1125 2155 1240 2187; x_wconf 85' lang='lat' dir='ltr'>Cicero</span> <span class='ocrx_word' id='word_1_413' title='bbox 1266 2154 1334 2187; x_wconf 90' lang='lat' dir='ltr'>und</span> <span class='ocrx_word' id='word_1_414' title='bbox 1359 2155 1443 2187; x_wconf 88' lang='lat' dir='ltr'>auch</span> <span class='ocrx_word' id='word_1_415' title='bbox 1470 2153 1522 2186; x_wconf 80' lang='lat' dir='ltr'>die</span> 
     </span>
     <span class='ocr_line' id='line_1_74' title="bbox 844 2198 1523 2243; baseline -0.006 -9"><span class='ocrx_word' id='word_1_416' title='bbox 844 2201 1085 2243; x_wconf 82' lang='lat' dir='ltr'>Zeitgenossen</span> <span class='ocrx_word' id='word_1_417' title='bbox 1111 2201 1245 2233; x_wconf 85' lang='lat' dir='ltr'>Ciceros</span> <span class='ocrx_word' id='word_1_418' title='bbox 1270 2199 1391 2235; x_wconf 79' lang='lat' dir='ltr'>selbst:</span> <span class='ocrx_word' id='word_1_419' title='bbox 1425 2209 1462 2231; x_wconf 84' lang='lat' dir='ltr'>so</span> <span class='ocrx_word' id='word_1_420' title='bbox 1487 2198 1523 2235; x_wconf 93' lang='lat' dir='ltr'>ll</span> 
     </span>
     <span class='ocr_line' id='line_1_75' title="bbox 845 2243 1524 2287; baseline -0.009 -7"><span class='ocrx_word' id='word_1_421' title='bbox 845 2250 876 2286; x_wconf 87' lang='lat'>5,</span> <span class='ocrx_word' id='word_1_422' title='bbox 902 2247 960 2280; x_wconf 85' lang='lat'>23:</span> <span class='ocrx_word' id='word_1_423' title='bbox 999 2247 1213 2287; x_wconf 77' lang='lat' dir='ltr'>antiquos</span> <span class='ocrx_word' id='word_1_424' title='bbox 1243 2248 1282 2276; x_wconf 78' lang='lat' dir='ltr'>et</span> <span class='ocrx_word' id='word_1_425' title='bbox 1311 2255 1446 2276; x_wconf 82' lang='lat' dir='ltr'>novos</span> <span class='ocrx_word' id='word_1_426' title='bbox 1480 2243 1524 2274; x_wconf 89' lang='lat' dir='ltr'>Ie-</span> 
     </span>
     <span class='ocr_line' id='line_1_76' title="bbox 841 2290 1523 2333; baseline -0.007 -9.963"><span class='ocrx_word' id='word_1_427' title='bbox 841 2301 937 2333; x_wconf 81' lang='lat' dir='ltr'>gere.</span> <span class='ocrx_word' id='word_1_428' title='bbox 976 2290 1013 2323; x_wconf 93' lang='lat' dir='ltr'>V</span> <span class='ocrx_word' id='word_1_429' title='bbox 1028 2293 1110 2330; x_wconf 74' lang='lat'>4,1:</span> <span class='ocrx_word' id='word_1_430' title='bbox 1129 2291 1523 2322; x_wconf 68' lang='lat' dir='ltr'>orateonesveterum</span> 
     </span>
     <span class='ocr_line' id='line_1_77' title="bbox 843 2330 1526 2374; baseline -0.006 -6"><span class='ocrx_word' id='word_1_431' title='bbox 843 2347 885 2368; x_wconf 86' lang='lat' dir='ltr'>ac</span> <span class='ocrx_word' id='word_1_432' title='bbox 909 2345 1127 2368; x_wconf 79' lang='lat' dir='ltr'>novorum.</span> <span class='ocrx_word' id='word_1_433' title='bbox 1176 2333 1266 2366; x_wconf 88' lang='lat' dir='ltr'>Uber</span> <span class='ocrx_word' id='word_1_434' title='bbox 1291 2333 1344 2366; x_wconf 89' lang='lat' dir='ltr'>die</span> <span class='ocrx_word' id='word_1_435' title='bbox 1367 2330 1526 2374; x_wconf 82' lang='lat' dir='ltr'>Begriffs-</span> 
     </span>
     <span class='ocr_line' id='line_1_78' title="bbox 843 2377 1525 2421; baseline -0.007 -8"><span class='ocrx_word' id='word_1_436' title='bbox 843 2379 1078 2413; x_wconf 87' lang='lat' dir='ltr'>unterschiede</span> <span class='ocrx_word' id='word_1_437' title='bbox 1111 2377 1525 2421; x_wconf 76' lang='lat' dir='ltr'>vgl.vn1.3‚34·et‚</span> 
     </span>
     <span class='ocr_line' id='line_1_79' title="bbox 845 2421 1527 2466; baseline -0.006 -9"><span class='ocrx_word' id='word_1_438' title='bbox 845 2435 934 2466; x_wconf 82' lang='lat' dir='ltr'>quae</span> <span class='ocrx_word' id='word_1_439' title='bbox 960 2428 1112 2456; x_wconf 72' lang='lat' dir='ltr'>vetera</span> <span class='ocrx_word' id='word_1_440' title='bbox 1138 2433 1233 2455; x_wconf 85' lang='lat' dir='ltr'>nunc</span> <span class='ocrx_word' id='word_1_441' title='bbox 1255 2426 1349 2462; x_wconf 80' lang='lat' dir='ltr'>sunt,</span> <span class='ocrx_word' id='word_1_442' title='bbox 1378 2421 1527 2460; x_wconf 81' lang='lat' dir='ltr'>fuerunt</span> 
     </span>
     <span class='ocr_line' id='line_1_80' title="bbox 846 2468 1524 2509; baseline -0.004 -8"><span class='ocrx_word' id='word_1_443' title='bbox 846 2470 928 2501; x_wconf 85' lang='lat' dir='ltr'>olim</span> <span class='ocrx_word' id='word_1_444' title='bbox 963 2479 1073 2501; x_wconf 74' lang='lat' dir='ltr'>nova</span> <span class='ocrx_word' id='word_1_445' title='bbox 1108 2471 1141 2500; x_wconf 76' lang='lat' dir='ltr'>et</span> <span class='ocrx_word' id='word_1_446' title='bbox 1176 2468 1347 2509; x_wconf 81' lang='lat' dir='ltr'>quaedam</span> <span class='ocrx_word' id='word_1_447' title='bbox 1385 2469 1422 2499; x_wconf 84' lang='lat' dir='ltr'>in</span> <span class='ocrx_word' id='word_1_448' title='bbox 1458 2477 1524 2498; x_wconf 76' lang='lat' dir='ltr'>usu</span> 
     </span>
     <span class='ocr_line' id='line_1_81' title="bbox 839 2512 1523 2556; baseline -0.003 -10"><span class='ocrx_word' id='word_1_449' title='bbox 839 2524 1013 2556; x_wconf 80' lang='lat' dir='ltr'>perquam</span> <span class='ocrx_word' id='word_1_450' title='bbox 1049 2515 1269 2547; x_wconf 74' lang='lat' dir='ltr'>recentia:</span> <span class='ocrx_word' id='word_1_451' title='bbox 1303 2512 1387 2545; x_wconf 92' lang='lat' dir='ltr'>auch</span> <span class='ocrx_word' id='word_1_452' title='bbox 1419 2515 1523 2545; x_wconf 88' lang='lat' dir='ltr'>unten</span> 
     </span>
    </p>
   </div>
  </div>
 </body>
</html>
