1720 2848
602 121 742 154 CAPUT
769 122 790 155 l.
817 123 836 163 ξ
862 124 1004 157 63-65.
1456 123 1507 161 35

94 237 223 288 operis
244 249 389 277 aureo
414 236 609 288 plectro
633 237 770 275 merito
793 237 971 285 donatur,
994 250 1067 288 qua
1092 244 1277 289 tyrannos
1299 239 1509 278 insectatus

95 293 258 333 inultum
282 294 394 334 etiam
418 292 591 331 moribus
613 294 784 342 consert3
817 294 853 332 in
886 294 1106 345 eloquendo
1137 306 1292 345 quoque
1324 294 1450 333 brevis
1473 303 1509 333 et.

94 352 320 401 magnificus
341 355 378 388 et
395 349 549 388 dicendi
573 349 604 387 vi
628 349 858 402 plerumque
881 350 1023 389 oratori
1041 350 1193 398 similis;
1216 350 1281 389 sed
1304 358 1341 389 et
1362 351 1451 390 lusit
1473 358 1509 388 vt

93 409 130 446 in
155 419 307 446 amores
327 406 539 449 deseendit,
564 405 775 445 maioribus
797 413 923 446 tamen
947 407 1086 457 aptior.
1128 406 1427 454 Simonides,
1452 414 1507 446 te-

94 465 179 503 nuis
199 461 353 514 alioqui,
383 474 564 501 sermone
594 463 754 514 proprio
785 469 822 502 et
854 463 1089 502 iucunditate
1120 464 1282 514 quadam
1306 476 1505 502 commen-

92 520 172 558 dari
194 525 339 570 potest;
369 519 576 570 praecipua
608 525 734 557 tamen
767 520 849 559 eius
881 520 918 558 in
949 519 1226 559 commovenda
1256 520 1504 559 miseratione

91 577 222 622 virtus,
246 582 288 614 ut
309 575 464 626 quidam
488 576 525 613 in
550 576 621 614 hac
642 588 729 614 eum
754 582 860 627 parte
877 576 1060 615 omnihus
1082 577 1165 615 eius
1187 576 1315 628 operis
1336 577 1504 615 auctori-

91 631 161 671 bus
185 633 417 682 praeferant.

201 689 367 739 Antiqua
392 687 590 727 comoedia
613 700 701 726 cum
723 689 917 741 sinceram
947 688 1047 727 illam
1070 690 1261 728 sermonis
1283 689 1396 727 Attici
1419 701 1506 740 gra-

89 745 179 784 tiam
203 757 326 796 prope
347 744 427 783 sola
450 744 602 791 retinet,
626 750 705 783 turn
724 744 1019 784 facundissimae
1037 745 1224 783 libertatis
1245 752 1301 784 est
1323 751 1359 783 et
1382 749 1421 784 in
1444 745 1505 784 in-

87 801 280 841 sectandis
310 801 409 840 vitiis
430 800 650 851 praecipua,
684 800 894 851 plurimum
924 807 1050 840 tamen
1084 801 1219 840 virium
1244 802 1356 840 etiam
1380 802 1417 839 in
1440 814 1504 840 ce-

86 858 178 897 teris
200 857 374 909 partibus
406 857 532 896 habet.
574 857 666 895 Nam
691 862 728 895 et
748 857 906 908 grandis
937 864 975 896 et
1003 857 1160 909 elegans
1189 864 1226 897 et
1257 863 1436 906 venusta3
1469 864 1505 896 et

88 915 218 954 neseio
240 926 288 952 an
312 914 398 961 ulla,
422 920 508 965 post
530 912 742 952 Homerum
765 920 907 959 tamen,
938 926 1054 964 quem
1088 920 1129 952 ut
1152 914 1325 953 Achillen
1349 926 1504 965 semper

831 1023 1107 1057 weltmannische
1148 1024 1211 1057 und
1255 1025 1507 1058 wissenschaft-

829 1069 916 1102 liche
943 1068 1105 1111 Bssdung,
1139 1069 1198 1101 mit
1229 1070 1337 1102 einem
1363 1073 1504 1112 vorziig-

829 1114 938 1146 lichen
960 1114 1163 1147 Gedachtnis
1189 1118 1422 1157 ausgestattet‚
1447 1124 1503 1156 ge-

828 1159 964 1192 storben
984 1161 1048 1193 468
1068 1170 1097 1191 v.
1113 1159 1185 1191 Chr.
1225 1159 1314 1193 Uber
1331 1160 1423 1193 seine
1441 1159 1504 1193 Ge-

84 1024 173 1057 lebte
198 1024 308 1066 eiuige
338 1023 438 1066 Jahre
471 1023 519 1056 als
551 1023 759 1056 Verbannter

83 1071 113 1101 in
141 1069 243 1102 Asien
270 1068 335 1101 und
361 1070 534 1112 Agyptem
566 1068 652 1101 dann
686 1079 759 1101 ver-

82 1114 183 1147 s6hnt
199 1114 260 1147 mit
274 1113 438 1147 Pitlakus.
468 1113 544 1156 Vgl.
558 1113 641 1146 Dion
671 1113 759 1146 sius:

1537 415 1574 446 64

80 1156 243 1191 Ἀλκαίου
268 1156 307 1191 δὲ
331 1158 457 1192 σκόπει
482 1157 523 1191 τὸ
544 1171 632 1204 ¹aeyoz
648 1159 760 1202 ,οφυὲς

83 1206 141 1236 καὶ
165 1202 279 1249 βραχὺ
304 1207 363 1236 καὶ
396 1199 459 1245 ἡδὺ
483 1201 572 1246 μετὰ
601 1200 759 1245 δεινότη-

85 1260 140 1282 τος
163 1269 206 1274 -
230 1252 289 1282 καὶ
321 1247 391 1294 πρὸ
425 1247 576 1292 πάντωῃ
608 1246 649 1282 τὸ
682 1249 760 1282 τῶν

82 1292 282 1328 πολιτικῶν
306 1292 530 1339 πραχιιάτων
554 1293 652 1335 ἦθος.

126 1341 164 1372 in
185 1343 289 1381 parte
314 1342 438 1381 operis,
465 1340 532 1382 vgl.
551 1342 587 1371 in
606 1339 675 1371 illis
692 1340 712 1381 ἓ
726 1340 756 1372 9.

81 1385 234 1418 Gemeint
289 1384 362 1416 sind
420 1385 472 1417 die
519 1381 754 1423 στασιωτικίς

81 1429 266 1463 ausserdem
281 1429 414 1463 schrieb
429 1440 464 1463 er
478 1430 557 1462 aber
570 1429 655 1462 auch
672 1439 757 1472 συμ-

81 1472 211 1508 ποτικά
236 1474 303 1508 und
327 1472 493 1520 ἐρωτικά,
518 1474 585 1517 vgl.
612 1474 671 1507 das
694 1474 757 1507 fol-

80 1519 187 1561 gende
223 1522 261 1552 z‘n
297 1531 433 1552 amores
469 1520 648 1552 descendit
687 1519 755 1552 und

81 1564 156 1600 Hor.
181 1565 287 1600 Carm.
305 1564 327 1605 Ι,
347 1567 400 1605 32,
414 1568 433 1599 5
458 1565 581 1598 Lesbio
602 1566 755 1607 primum

78 1611 255 1643 modulate
279 1613 359 1652 civi,
387 1613 449 1652 qui?
470 1610 578 1649 fer-oa·
603 1610 688 1642 bello
714 1630 756 1633 ——

78 1655 243 1688 Liberum
268 1659 302 1688 et
325 1656 441 1688 Musas
460 1656 696 1697 Veneremque
712 1674 756 1679 —

79 1702 227 1733 canebat
243 1705 276 1733 et
288 1701 423 1745 Lycum
441 1703 558 1743 nigris
575 1700 684 1733 oculis
701 1702 754 1732 ni-

75 1755 214 1788 groque
238 1748 335 1779 crine
360 1747 535 1779 decorum.

123 1801 231 1824 aureo
238 1791 385 1833 plectro,
395 1791 470 1824 Hor.
481 1790 586 1824 Carm.
595 1790 630 1832 ll,
642 1792 692 1830 13,
701 1791 754 1823 26.

123 1838 306 1878 tyrannm,
331 1836 394 1869 den
404 1835 572 1879 ,Mnsilus
596 1833 753 1876 untLEit-

80 1879 188 1922 [alfius.
236 1879 295 1914 Die
328 1880 490 1914 Gedichte
523 1880 582 1913 des
616 1879 752 1921 Alcaus,

81 1925 208 1959 welche
243 1925 307 1959 den
341 1926 578 1968 zehnjiihrigen
612 1923 754 1967 Burger-

77 1970 195 2014 kampf
228 1971 339 2005 seines
374 1970 592 2004 Vaterlandes
628 1969 752 2003 behan-

76 2015 200 2057 delten,
225 2016 354 2049 hiessen
379 2012 611 2048 στασιωτικά.

121 2063 277 2094 moribus
290 2061 438 2102 confert,
455 2060 559 2093 durch
576 2060 668 2093 seine
682 2070 752 2093 mo—

75 2106 238 2139 ralischen
264 2106 490 2150 Ausspriiche.

119 2152 182 2184 sed
204 2155 237 2184 et
262 2151 360 2192 lusit,
386 2151 453 2193 vgl.
479 2151 546 2184 Cic..
573 2149 670 2184 Tusc.
695 2149 749 2192 lv,

77 2198 130 2238 33,
156 2198 214 2230 71:
243 2197 366 2230 Fortis
390 2198 446 2229 υιῗν
470 2199 508 2229 in
531 2206 595 2228 saa
625 2207 664 2228 re
682 2206 750 2238 pu—

77 2242 166 2275 blica
192 2244 372 2284 cognitus,
405 2252 494 2284 quae
519 2242 559 2274 de
585 2243 750 2273 iuvenum

76 2296 194 2320 amore
216 2289 341 2320 scribit
363 2287 535 2320 Alcaeus!

121 2333 315 2365 maioribus
328 2351 371 2356 -—-
384 2335 514 2375 aptior,
537 2335 675 2365 maiora
692 2332 750 2365 be·

77 2377 231 2410 zeichnet
254 2377 436 2411 erhabnere
461 2377 578 2411 Stoffe.

122 2424 176 2457 64.
200 2421 396 2456 Simonides
409 2433 469 2464 ans
481 2422 561 2465 lulis
579 2423 637 2457 auf
647 2422 748 2468 Q

76 2468 151 2509 geb.
182 2468 246 2501 556
280 2477 311 2500 ν.
337 2467 401 2501 Chr
461 2461 660 2502 beTr'eundet
688 2469 749 2502 mit

76 2493 529 2556 Hipffiffffiffffiffi‘tbkles,
552 2512 748 2554 Pausanias,

74 2557 253 2591 Anakreon
267 2567 300 2592 u.
315 2567 355 2598 a„
372 2558 632 2600 ausgezeichnet
646 2559 749 2593 durch

829 1203 1087 1237 daehtniskunst
1112 1214 1139 1237 s.
1165 1204 1216 1238 Xl.
1244 1206 1274 1246 2,
1303 1208 1339 1239 11
1356 1204 1388 1238 ff.

874 1251 998 1290 tenuis,
1022 1245 1200 1282 ‘schlicht‘.

871 1295 1102 1335 iucunditate,
1127 1295 1194 1337 vgl.
1220 1296 1239 1336 ξ
1266 1296 1319 1328 82.
1345 1296 1398 1328 96.
1430 1297 1500 1328 101.

831 1342 902 1373 110.
932 1342 1003 1373 113.
1030 1341 1060 1378 2,
1086 1342 1138 1373 23.

864 1388 1252 1428 praecipua-virtus,
1294 1384 1371 1417 Dies
1398 1384 1500 1417 Urteil

825 1430 959 1463 bezieht
988 1430 1059 1462 sich
1091 1429 1150 1462 aus
1181 1429 1234 1462 die
1267 1429 1395 1474 θρῆνοι
1426 1429 1501 1463 des-

823 1475 939 1508 selben
965 1474 1031 1507 und
1057 1477 1170 1507 tenuis
1194 1474 1254 1507 aus
1274 1474 1327 1507 die
1353 1474 1426 1507 dem
1449 1473 1500 1508 Si-

823 1520 986 1560 monides,
1016 1524 1110 1554 sonst
1135 1520 1218 1553 auch
1245 1522 1385 1561 (auctor
1410 1522 1501 1552 vitae

826 1566 1005 1608 Aeschyli)
1053 1565 1336 1608 zugeschriehene
1375 1562 1501 1599 λεπτό-

825 1621 895 1653 της.
932 1610 1113 1654 Dionysius
1131 1614 1206 1653 sagt
1224 1620 1289 1642 von
1309 1610 1394 1643 ihm:
1412 1608 1501 1654 πρὸς

824 1653 972 1696 τούτοις,
1001 1652 1093 1688 καθ’
1120 1650 1140 1689 ὃ
1163 1653 1321 1698 βελτίων
1345 1652 1499 1700 εὑρίσκε-

823 1713 883 1733 ται
907 1703 967 1733 καὶ
988 1697 1180 1747 Πινδάρου,
1209 1698 1247 1733 τὸ
1273 1699 1496 1742 οἰκτίζεσθαι

822 1744 1213 1824 μἰἷλὰμεγῖλοπρεξτῶς,
1267 1742 1313 1778 αἶς
1360 1746 1499 1785 ἐκεῖνος,

823 1804 843 1823 α
934 1802 986 1824 πα
1043 1801 1160 1825 τικως.

866 1838 903 1868 in
929 1838 994 1868 hac
1018 1805 1060 1860 η-
1082 1839 1196 1878 parte.
1228 1835 1258 1867 in
1284 1835 1398 1868 seinen
1426 1835 1500 1868 Ele—

822 1891 909 1923 gien.

867 1927 994 1968 operis,
1012 1925 1076 1957 wie
1094 1925 1180 1958 oben
1195 1925 1270 1967 §63
1291 1924 1408 1957 nahert
1425 1925 1496 1957 sich

821 1970 879 2003 der
903 1970 1103 2012 Bedeutung
1128 1980 1194 2003 von
1214 1980 1338 2011 genus.

867 2017 919 2049 65.
956 2017 1149 2057 libertatis,
1187 2014 1252 2047 wie
1289 2014 1310 2058 ξ
1340 2016 1392 2048 94.
1423 2017 1495 2049 104.

821 2060 1125 2103 gleichbedeutend
1150 2060 1211 2092 mit
1236 2063 1429 2104 παροησία.

865 2107 1015 2149 elegans,
1028 2103 1315 2149 ‘geschmackvoll
1337 2130 1344 2141 ,
1359 2105 1426 2148 vgl.
1441 2107 1495 2139 87.

864 2199 977 2230 nescio
1009 2208 1054 2229 an
1089 2196 1179 2236 ulla,
1217 2205 1283 2227 von
1317 2195 1430 2233 Quint.
1460 2195 1492 2227 in

819 2242 1054 2277 zweiselndem
1072 2242 1185 2280 Sinne‚
1210 2240 1309 2272 nulla
1331 2240 1384 2272 bei
1403 2239 1496 2272 einer

819 2288 978 2321 milderen
1003 2287 1227 2330 Behauptung
1259 2283 1495 2327 angewendet.

819 2333 867 2366 Zu
896 2333 971 2366 ulla
1001 2333 1045 2365 ist
1076 2332 1129 2365 ein
1163 2330 1380 2372 allgemeiner
1409 2329 1495 2362 Aus-

818 2378 922 2412 druck
940 2376 1218 2410 hinzuzudenken
1236 2374 1301 2407 wie
1318 2375 1336 2415 ξ
1356 2375 1409 2415 29,
1435 2373 1495 2407 der

817 2433 902 2467 ganz
931 2431 1151 2465 angemessen
1182 2419 1354 2452 vielleicht
1378 2418 1491 2458 Quint.

817 2468 923 2502 selbst
947 2467 1039 2500 nicht
1063 2477 1102 2499 zu
1127 2465 1257 2499 Gebote
1282 2463 1389 2497 stand.

864 2516 902 2546 ut
926 2511 1098 2554 Achillen,
1121 2508 1296 2554 ngHom.
1315 2509 1350 2542 ll.
1364 2508 1491 2551 11,6·13.

818 2560 900 2592 674:
939 2553 1081 2601 Νιρεύς,
1118 2551 1153 2589 ὃς
1184 2550 1368 2588 κάλλιστος
1401 2550 1491 2600 ἀνὴρ

1177 2614 1217 2645 3*
