1720 2848
623 85 765 119 cA'rU'r
791 86 812 119 1.
839 86 859 129 ς
889 88 1028 120 17—21.
1484 88 1530 125 21

119 202 184 243 bit,
208 201 498 252 pronuntiandi,
522 201 579 239 vel
602 202 871 252 potentissima
893 202 931 240 in
955 201 1132 248 dicendo,
1155 204 1251 241 ratio
1274 210 1331 247 et,
1355 211 1392 241 ut
1418 205 1535 243 semel

118 258 253 304 (licam,
278 257 422 308 pariter
443 257 571 295 omnia
593 257 747 296 docent.
790 258 831 296 In
855 258 1023 296 lectione
1045 259 1190 297 certius
1212 259 1409 305 iudicium,
1432 262 1535 310 quod

118 314 290 352 audienti
312 313 539 363 frequenter
559 319 624 352 aut
641 326 734 352 suus
751 314 891 364 cuique
914 314 1021 352 favor
1037 320 1099 352 aut
1123 314 1184 352 ille
1202 314 1440 354 laudantium
1458 316 1535 354 cla-

118 382 203 408 mor
232 375 447 419 extorquet.
505 369 629 408 Pudet
657 371 761 408 enim
791 370 996 409 dissentire
1026 377 1061 409 et
1093 370 1194 409 velut
1229 371 1342 409 tacita
1373 372 1536 421 quadam

118 425 348 465 verecundia
370 424 596 464 inhibemur
618 426 705 476 plus
728 425 842 465 nobis
863 427 1034 473 credere,
1057 438 1145 465 cum
1168 427 1325 466 interim
1342 434 1376 466 et
1402 428 1534 467 vitiosa

118 481 292 533 pluribus
314 481 490 532 placent,
518 487 554 520 et
576 494 596 520 a
617 483 842 533 conrogatis
864 482 1072 521 laudantur
1093 483 1206 521 etiam
1229 496 1327 534 quae
1352 496 1430 522 non
1454 484 1535 535 pla-

116 543 216 576 cent.
259 537 334 576 Sed
354 550 373 575 e
394 538 591 576 contrario
626 551 781 589 quoque
803 538 962 584 accidit,
994 545 1033 577 ut
1055 539 1201 589 optime
1231 540 1343 578 dictis
1374 541 1536 590 gratiam

115 604 229 644 prava
250 593 390 632 iudicia
414 606 492 632 non
517 596 701 633 reserant.
744 594 876 633 Lectio
899 595 1020 633 libera
1043 601 1097 633 est
1123 608 1194 634 nec
1217 603 1258 635 ut
1279 596 1443 635 actionis
1465 597 1535 635 im-

116 655 228 700 petus
258 650 511 698 transcurrit;
541 651 606 689 sed
637 657 816 702 repetere
846 651 999 701 saepius
1030 651 1140 698 licet,
1174 652 1251 690 sive
1282 651 1435 691 dubites
1459 653 1536 691 sive

115 705 322 744 memoriae
349 706 505 757 penitus
526 706 694 758 adfigere
716 706 820 745 velis.
862 706 1098 757 Repetamus
1131 713 1257 746 autem
1291 715 1325 746 et
1356 715 1537 747 retracte-

114 774 218 807 mus,
250 769 288 800 et
318 769 359 800 ut
388 761 496 801 cibos
528 774 683 801 mansos
705 775 748 801 ac
771 774 894 814 prope
917 763 1145 813 liquefactos
1167 764 1428 810 demittimus,
1459 777 1536 815 quo

114 818 265 857 facilius
296 818 542 869 digerantur:
583 819 633 857 ita
664 819 779 857 lectio
813 831 891 857 non
925 819 1043 857 cruda
1074 819 1139 858 sed
1181 820 1299 858 multa
1332 820 1536 859 iteratione

115 874 259 912 mollita
281 880 319 912 et
341 874 443 913 velut
466 875 645 914 confecta
668 875 877 914 memoriae
899 875 1185 926 imitationique
1207 876 1393 914 tradatur.

227 932 281 968 Ac
303 930 369 969 diu
392 931 550 969 nonnisi
573 931 745 982 optimus
766 931 931 982 quisque
953 937 988 969 et
1012 932 1078 981 qui
1113 932 1337 971 credentem
1369 932 1440 971 sibi
1465 933 1535 971 mi-

115 987 218 1025 nime
250 986 351 1025 fallat
383 987 572 1038 legendus
602 993 679 1031 est,
711 987 777 1026 sed
799 987 1006 1038 diligenter
1036 999 1079 1025 ac
1112 1000 1235 1039 paene
1262 989 1306 1026 ad
1339 989 1536 1027 scribendi

113 1042 436 1091 solticitudinem
468 1055 539 1081 nec
561 1055 633 1094 per
655 1049 784 1094 partes
805 1043 921 1081 modo
943 1044 1150 1082 scrutanda
1173 1045 1323 1091 omnia,
1354 1045 1420 1083 sed
1446 1057 1537 1096 per-

113 1099 236 1137 lectus
266 1098 365 1137 liber
387 1099 521 1149 utique
543 1112 589 1137 ex
620 1100 773 1150 integro
796 1099 1053 1138 resumendus
1086 1100 1373 1151 praecipueque
1402 1101 1536 1142 oratio,

113 1156 224 1194 cuius
240 1155 400 1194 virtutes
418 1156 646 1206 frequenter
667 1168 712 1194 ex
730 1156 919 1194 industria
938 1168 1093 1206 quoque
1117 1156 1375 1195 occultantur.
1414 1157 1537 1208 Saepe

113 1211 217 1249 enim
247 1217 472 1262 praeparat,
503 1211 735 1259 dissimulat,
773 1211 978 1251 insidiatur
1009 1218 1159 1260 orator,
1190 1224 1311 1263 eaque
1342 1213 1381 1252 in
1414 1213 1537 1264 prima

108 1301 240 1340 gestus,
265 1299 332 1340 vgl.
353 1301 383 1340 7,
398 1300 428 1332 9.
466 1299 578 1337 Quint.
597 1299 722 1332 erklart
739 1299 788 1340 111,

112 1344 142 1382 3,
163 1346 176 1376 1
207 1343 273 1376 und
291 1343 344 1383 XI,
363 1345 393 1383 3,
415 1345 429 1376 1
448 1346 697 1386 pronunttatio
722 1344 787 1377 und

112 1389 205 1420 aetio
243 1387 295 1420 sur
334 1388 442 1430 vollig
484 1388 790 1430 gleichbedeutend

109 1434 340 1475 (quapropter
368 1436 521 1475 utraque
553 1434 791 1476 appellatione

111 1478 360 1518 indifferenter
380 1480 436 1510 uti
453 1479 558 1516 licet).
578 1479 683 1511 meint
700 1478 789 1520 aher,

110 1522 183 1555 dass
208 1522 262 1555 die
276 1525 526 1565 pronuntiatio
543 1523 608 1556 den
626 1524 789 1556 letzteren

110 1567 238 1600 Namen
256 1578 277 1600 a
291 1571 394 1609 gestu
414 1578 454 1601 zu
473 1568 624 1601 erhalten
642 1568 789 1609 scheine,

110 1612 212 1645 daher
244 1612 386 1645 braucht
411 1622 445 1645 er
478 1613 577 1653 bald,
610 1613 676 1646 wie
708 1613 789 1654 hier,

110 1659 204 1690 actio
230 1657 282 1690 sfir
295 1660 425 1699 gestas,
453 1658 530 1691 bald
551 1658 624 1691 teilt
642 1668 676 1691 er
694 1661 788 1691 actio

110 1703 142 1734 in
162 1712 278 1734 vocem
292 1705 511 1745 gestumque,
531 1703 595 1736 wie
613 1703 666 1745 xl,
682 1705 712 1743 3,
731 1705 789 1741 14;

110 1747 179 1789 vgl.
205 1751 308 1780 unten
334 1747 353 1789 ξ
381 1749 430 1781 19.

154 1792 259 1823 semel
280 1789 348 1824 ‘ein
374 1792 426 1824 sfir
451 1788 613 1825 allemal'.

157 1836 378 1868 laudantium
403 1836 538 1868 clamor
562 1837 695 1869 bezieht
718 1837 789 1869 sich

111 1881 170 1913 aul
193 1881 246 1913 die
264 1880 396 1913 Unsitte
422 1880 479 1913 der
496 1880 633 1923 Claque,
659 1881 788 1914 welche

110 1925 263 1958 erwfihnt
289 1926 332 1958 ist
349 1924 403 1966 IV,
423 1927 453 1964 2,
472 1927 511 1957 37
539 1926 586 1958 ad
602 1927 790 1958 clamorem

110 1971 300 2013 dispositae
325 1971 379 2002 vel
401 1973 505 2002 etiam
527 1970 623 2009 forte
640 1973 790 2003 circum·

109 2014 212 2054 fusae
228 2015 467 2047 multitudinis
489 2017 688 2057 compositi:
714 2026 789 2049 aus-

111 2060 293 2093 ffihrlicher
311 2059 386 2092 sind
411 2060 503 2093 diese
521 2060 692 2093 auditores
710 2071 790 2094 con-

110 2104 201 2138 ducti
216 2108 249 2137 et
269 2104 433 2147 redempti
456 2115 522 2137 von
537 2104 666 2138 Plinius
681 2105 786 2149 Epist.

109 2149 145 2190 ll,
175 2152 215 2183 14
241 2149 454 2192 geschildert.

158 2196 208 2228 18.
234 2195 433 2227 inhibemur
465 2194 508 2227 ist
540 2195 602 2227 mit
632 2194 707 2228 dem
737 2195 788 2228 ln—

111 2238 220 2272 finitiv
245 2239 451 2272 verbunden.

156 2294 234 2316 eam
256 2286 400 2316 interim
432 2284 492 2316 mit
521 2284 596 2317 dem
621 2284 788 2318 Indikativ

112 2329 175 2361 wie
194 2330 214 2370 ξ
237 2330 293 2362 111
316 2329 382 2362 fast.
398 2329 703 2371 gleichbedeutend
729 2331 789 2362 mit

112 2375 198 2414 quin
223 2376 341 2406 etiam.

160 2419 210 2451 19.
234 2419 369 2451 iudicia
394 2418 465 2451 hier
491 2419 555 2451 wie
580 2420 600 2460 ξ
626 2421 679 2452 72.

155 2464 228 2494 sive
245 2482 287 2487 —
303 2465 377 2495 sive
399 2464 460 2495 mit
485 2463 678 2506 folgendem
700 2464 788 2498 Kon-

106 2507 245 2547 junktiv
278 2507 335 2540 der
360 2509 390 2540 2.
417 2508 541 2541 Person
572 2508 604 2541 in
639 2509 696 2542 der
726 2509 789 2542 Be-

859 1299 1010 1341 deutung
1042 1310 1108 1332 von
1138 1296 1250 1339 ‘man',
1289 1300 1356 1342 vgl.
1388 1299 1537 1333 Ellendt-

860 1343 1024 1387 Seyfferts
1056 1344 1197 1378 Gramm.
1225 1345 1245 1387 ξ
1271 1347 1347 1378 247.
1374 1347 1391 1379 3
1422 1346 1537 1379 Αηιῃ.;

859 1389 994 1421 ἔιΙπιΙίοἲι
1024 1388 1079 1428 ΙΧ,
1105 1391 1136 1430 2,
1162 1391 1203 1423 69
1230 1390 1377 1431 ideoque
1409 1401 1429 1422 a
1463 1392 1538 1431 qni-

860 1434 1004 1466 busdam
1030 1437 1102 1466 tota
1128 1445 1184 1466 res
1207 1435 1437 1476 repudiatur,
1467 1437 1538 1466 sive

860 1478 1108 1520 intellegatur,
1145 1481 1217 1511 sive
1252 1490 1322 1512 non
1358 1480 1538 1521 intellega-

860 1527 930 1555 tur.

904 1571 1135 1600 retractemus
1180 1567 1370 1610 ‘grundliclt
1416 1570 1539 1602 behan-

859 1611 959 1653 deln’,
986 1612 1173 1655 Gegensatz
1199 1624 1265 1647 von
1284 1617 1538 1655 transcurrere,

859 1658 927 1700 vgl.
945 1661 974 1697 3,
989 1660 1006 1689 7
1026 1658 1095 1691 und
1112 1658 1165 1701 XI,
1184 1660 1213 1699 2,
1233 1660 1290 1693 35:
1309 1658 1368 1691 das
1387 1658 1538 1692 einfache

860 1706 1015 1735 tractare
1040 1705 1071 1744 5,
1097 1705 1128 1737 8.

904 1748 1118 1789 digerantur
1172 1747 1224 1780 ssu·
1272 1751 1539 1790 concoquantur

859 1793 1127 1833 spatlateiniscli,
1147 1794 1211 1825 wie
1231 1793 1405 1834 digestum
1423 1794 1538 1825 cibum

858 1837 911 1876 xl,
938 1839 969 1877 2,
996 1839 1048 1871 35.
1096 1837 1131 1869 Iu
1165 1837 1240 1870 dem
1265 1837 1435 1870 Gleichnis
1466 1842 1538 1870 ent-

859 1881 1022 1924 sprechen
1071 1882 1141 1914 sich
1191 1882 1300 1913 malta
1349 1884 1539 1914 iteratione

857 1926 994 1958 mollita
1019 1926 1087 1959 und
1111 1937 1261 1968 mansos,
1287 1926 1448 1965 confecta
1467 1926 1535 1959 und

859 1970 1082 2012 liquefactos.

905 2017 1003 2049 lectio
1028 2012 1100 2048 ‘das
1126 2011 1314 2049 Gelesene’.

903 2062 955 2095 20.
981 2063 1143 2102 nonnisi,
1168 2061 1212 2093 ist
1238 2061 1270 2093 iu
1297 2060 1354 2093 der
1380 2062 1536 2103 spateren

857 2105 930 2138 Zeit
953 2106 1162 2139 Adverbium
1195 2105 1378 2148 geworden
1411 2106 1537 2138 ebenso

858 2152 889 2191 3,
908 2152 968 2189 29;
995 2150 1154 2193 dagegen‘
1173 2150 1278 2183 findet
1304 2151 1375 2183 sich
1401 2153 1471 2182 nisi
1496 2169 1535 2174 --

858 2205 938 2235 non,
967 2196 1031 2228 wie
1056 2196 1108 2228 bei
1136 2195 1270 2235 Cicero,
1304 2206 1344 2228 zu
1369 2195 1538 2228 verschIe-

857 2240 966 2273 denen
981 2239 1103 2274 Satzen
1122 2240 1203 2274 oder
1220 2240 1427 2282 wenigstens
1442 2239 1536 2272 Satz—

857 2285 1007 2327 gliedern
1035 2285 1175 2328 gehorig
1200 2287 1230 2320 3,
1257 2287 1308 2318 30.
1336 2287 1365 2323 5,
1392 2288 1421 2318 5.
1449 2286 1479 2318 7.
1510 2287 1536 2317 1.

903 2341 949 2362 ex
974 2332 1131 2371 integro,
1159 2330 1223 2362 wie
1248 2329 1327 2362 bald
1352 2329 1470 2361 darauf
1493 2340 1538 2361 ea:

859 2375 1036 2406 industria
1068 2375 1134 2407 und
1163 2375 1183 2415 ξ
1212 2376 1250 2407 18
1285 2385 1302 2405 e
1335 2377 1538 2406 contrario:

859 2419 1047 2462 uberhaupt
1073 2419 1147 2451 sind
1174 2419 1227 2451 die
1245 2418 1535 2452 adverbIalischen

859 2463 1048 2506 Bildungen
1074 2464 1133 2496 mit
1158 2475 1203 2496 ea:
1227 2464 1323 2502 (statt
1347 2463 1405 2496 des
1424 2463 1537 2496 srfiher

860 2509 1016 2541 ublichen
1055 2509 1096 2540 (Ie
1133 2508 1198 2542 und
1231 2509 1287 2549 ab)
1324 2508 1391 2541 und
1429 2509 1536 2541 einem

1570 378 1604 410 15

1570 546 1604 577 19

1569 938 1605 969 20

1571 1161 1605 1192 21
