1720 2848
628 100 768 134 CAPUT
797 100 832 133 ν.
859 102 879 142 s
906 102 1047 134 14—19.
1493 100 1544 138 75

124 218 263 257 clarus.
306 217 429 256 Alitur
448 216 552 254 enim
574 221 689 266 atque
713 216 889 254 enitescit
918 216 1019 254 vetut
1052 215 1192 266 pabulo
1224 215 1384 254 laetiore
1407 218 1543 256 facun-

124 274 184 312 dia
207 280 244 312 ct
264 274 423 312 adsidua
445 272 746 310 contentionum
768 272 974 323 asperitate
998 272 1150 323 fatigata
1175 278 1396 310 renovatur.
1441 273 1544 318 Qua-

126 337 287 381 propter
309 328 490 368 historiae
514 341 810 379 nonnumquam
843 329 999 367 ubertas
1028 329 1066 366 in
1091 328 1217 378 aliqua
1240 329 1446 367 exercendi
1470 330 1544 368 stili

124 393 232 438 parte
254 385 448 437 ponenda,
471 392 509 423 et
530 385 770 435 dialogorum
799 385 973 423 libertate
995 385 1254 435 gestiendum.
1296 385 1351 423 Ne
1373 386 1544 424 carmine

124 443 278 494 quidem
300 441 433 480 ludere
457 442 695 480 contrarium
717 441 851 487 l'uerit;
881 441 979 479 sicut
1001 441 1179 487 athletae,
1203 441 1361 479 remissa
1383 441 1546 492 quibus-

122 499 208 538 dam
232 497 471 549 temporibus
493 498 669 536 ciborum
692 504 806 549 atque
829 497 1150 536 exercitationum
1173 504 1278 536 certa
1302 497 1544 543 necessitate,

123 556 201 594 otio
223 561 260 593 et
281 554 580 593 iucundioribus
601 555 725 606 epulis
743 554 982 593 reficiuntur.
1027 553 1196 604 Ideoque
1216 554 1307 592 milii
1325 554 1475 593 videtur
1496 554 1545 593 Μ.

123 611 272 650 Tullius
292 616 445 649 tantum
467 611 644 650 intulisse
667 611 913 661 eloquentiae
936 611 1082 656 lumen
1107 610 1240 660 quod
1232 623 1270 648 m
1294 609 1365 649 lios
1388 623 1543 661 quoque

121 667 337 706 studiorum
360 680 537 705 secessus
559 667 742 705 excurrit.
784 667 878 705 Nam
900 667 929 705 si
955 666 1068 704 nobis
1084 666 1163 704 sola
1181 673 1282 705 mate
1362 667 1476 706 fuerit
1499 680 1543 705 ex

121 723 264 769 litibus
289 736 449 762 necesse
472 730 529 761 est
550 724 747 762 ‹teter-atui
768 723 849 773 tut<
838 735 897 761 or
927 729 964 760 et
994 723 1171 761 durescat
1195 679 1380 762 aittciiibs
1401 730 1439 762 et
1460 724 1543 774 ipse

121 780 183 819 ille
205 792 341 818 mucro
363 780 509 831 ingenii
533 779 724 817 cotidiana
747 792 879 829 pugna
901 779 1142 817 1etundatur.

233 836 306 875 Sed
331 835 657 886 quemadmodum
689 835 911 874 forensibus
942 835 1224 874 certaminibus
1253 836 1484 875 exercitatos
1507 843 1543 875 ct

122 893 229 943 quasi
250 892 460 931 militantes
480 892 605 930 reficit
626 904 669 930 ac
692 899 844 943 reparat
867 892 958 930 haee
985 891 1087 930 velut
1116 892 1249 942 savina
1282 892 1454 931 dicendi:
1487 893 1543 931 sic

121 949 389 987 adulescentes
411 961 491 987 non
509 948 655 987 debent
677 948 840 986 nimium
863 948 902 986 in
925 948 1016 986 falsa
1035 960 1166 986 rerum
1184 948 1353 999 imagine
1377 949 1542 987 detineri

120 1011 158 1044 et
187 1005 370 1044 inanibus
401 1004 618 1043 simulaclis
648 1017 770 1054 usque
803 1005 911 1049 adeo
944 1011 984 1042 ut
1007 1004 1172 1043 dilticilis
1194 1004 1241 1043 ab
1263 1005 1322 1043 his
1345 1005 1543 1056 digressus

119 1062 180 1106 sit
209 1061 450 1106 adsuescere,
484 1074 532 1099 ne
563 1061 609 1099 ab
632 1061 706 1101 illa
739 1061 777 1099 in
809 1073 883 1111 qua
915 1073 1037 1111 piope
1067 1068 1375 1104 co1isemui·.unt
1385 1036 1544 1100 ⁶·umh1a

120 1130 206 1156 vera
237 1117 459 1156 discrimina
488 1118 591 1156 velut
623 1118 814 1168 quendam
846 1117 967 1155 solem
996 1117 1262 1156 reformident.
1305 1118 1417 1163 Quod
1441 1119 1542 1157 acci-

120 1175 220 1213 disse
241 1174 356 1212 etiam
378 1174 516 1212 Porcio
540 1174 712 1220 Latroni,
745 1175 811 1224 qui
844 1174 992 1224 primus
1021 1174 1114 1212 clari
1147 1174 1316 1213 nominis
1343 1176 1542 1225 professor

120 1231 203 1276 suit,
226 1231 404 1271 traditur.
427 1237 481 1271 ut,
505 1243 592 1269 cum
615 1231 648 1268 ei
671 1242 859 1269 summam
882 1230 920 1268 iu
943 1230 1085 1269 scholis
1103 1231 1330 1281 opinionem
1348 1230 1543 1270 obtinenti

119 1299 233 1326 causa
255 1287 292 1325 in
317 1288 400 1326 soro
423 1294 522 1326 esset
545 1287 704 1331 oranda,
737 1288 900 1337 inpense
925 1286 1092 1337 petierit,
1124 1287 1178 1325 uti
1209 1287 1388 1326 subsellia
1411 1288 1450 1326 in
1475 1287 1542 1326 ba-

119 1343 263 1382 silicam
293 1344 614 1382 transferrentur.
655 1343 709 1381 lta
732 1343 783 1382 illi
807 1343 955 1382 caelum
974 1355 1117 1381 novum
1140 1343 1223 1388 suit,
1249 1350 1286 1381 ut
1311 1344 1438 1383 omnis
1460 1345 1542 1384 eius

118 1399 340 1450 eloquentia
361 1400 556 1439 contineri
574 1406 675 1438 tecto
693 1412 735 1438 ac
753 1400 965 1450 parietibus
986 1400 1192 1439 videretur.
1231 1400 1360 1445 Quare
1382 1401 1542 1444 iuvenis,

117 1456 183 1507 qui
205 1455 396 1494 rationem
418 1456 642 1495 inveniendi
659 1456 946 1506 eloquendique
963 1468 982 1494 a
1000 1456 1321 1507 praeceptoribus
1337 1456 1543 1507 diligenter

118 1543 397 1577 hinzuzudenken
431 1545 475 1577 ist
507 1544 564 1577 der
589 1543 718 1586 Begriff
739 1547 792 1577 iu-

118 1600 223 1621 venes.

157 1634 290 1676 pabulo
300 1635 458 1675 laetiore,
472 1634 539 1676 vgl.
547 1633 792 1675 V111‚P1·00em.

117 1681 176 1714 23:
208 1679 301 1711 velut
325 1680 415 1711 laeto
435 1681 612 1721 gramine.

166 1725 792 1766 15.historiae-uoe1·tas,vg1.1‚31.

157 1769 391 1812 gestiendum,
417 1780 492 1802 man
518 1772 616 1811 moge
641 1770 713 1802 sich
731 1770 790 1802 frei

117 1814 253 1856 ergehn,
279 1814 349 1846 sicli
375 1815 503 1866 gutlich
530 1815 623 1846 thun.

163 1862 265 1892 contr
267 1861 392 1894 arium
418 1855 695 1902 ‘zweckwidrigfi

163 1906 321 1936 ciborum
354 1924 397 1928 —
427 1905 558 1947 epulis,
594 1905 647 1937 ein
682 1905 796 1938 Chias-

118 1959 202 1983 mus.

164 1998 215 2029 16.
240 1994 407 2026 durescat
432 1995 617 2036 articulus,
641 1994 701 2027 das
719 1994 794 2028 Bild

118 2040 161 2073 ist
194 2039 258 2072 den
291 2038 474 2081 Kampsen,
511 2040 596 2073 auch
629 2039 687 2073 der
719 2040 795 2073 Gla-

117 2084 284 2125 diatoren,
320 2085 490 2118 entlehnt:
527 2086 702 2117 articulus
736 2086 794 2118 be-

117 2130 271 2163 zeichnet
284 2129 343 2162 das
357 2129 453 2162 Glied
468 2129 526 2163 des
541 2130 689 2173 Fingers‚
704 2130 791 2163 dann

118 2174 180 2208 den
207 2174 328 2217 Finger
359 2175 480 2213 selbst;
513 2176 556 2208 im
583 2175 792 2218 Gegensatze

118 2230 159 2253 zu
191 2220 357 2252 durescat
379 2220 463 2252 wird
485 2220 523 2261 11,
553 2223 603 2262 12,
629 2223 648 2254 2
678 2221 793 2254 mollis

118 2266 290 2298 articulus
301 2275 379 2298 vom
394 2265 566 2299 Gladiator
578 2269 707 2309 gesagt‚
726 2266 793 2299 und

118 2309 164 2341 im
195 2310 440 2353 fibertragenen
466 2309 569 2344 Sinne
595 2311 650 2351 xl,
679 2315 706 2352 1,
732 2313 790 2345 70:

121 2354 232 2395 Quam
254 2355 354 2388 molli
377 2359 494 2388 autem
519 2357 674 2389 articulo
700 2359 792 2390 trae-

120 2401 210 2431 tavz't
235 2399 421 2433 Catonem?

166 2447 216 2477 Π.
249 2447 375 2486 sagina
399 2447 551 2488 dicendi,
578 2446 631 2479 ein
656 2447 794 2480 sonder-

119 2490 215 2523 barer
246 2489 441 2532 Ausdmck,
475 2491 534 2524 der
563 2491 635 2524 sich
669 2491 794 2525 erklart

119 2534 222 2568 durch
252 2535 477 2568 iucundiores
501 2537 623 2579 epulae
649 2538 668 2578 ξ
699 2540 747 2570 15.

907 1546 1043 1585 umbra,
1061 1545 1105 1577 ist
1124 1544 1173 1577 als
1191 1544 1379 1586 Gegensatz
1398 1555 1439 1577 zu
1458 1556 1541 1577 vera

861 1590 1067 1622 discrimina
1096 1589 1163 1622 und
1181 1590 1235 1622 sol
1250 1590 1400 1632 weniger
1417 1590 1541 1623 fiblich.

907 1637 949 1668 ab
975 1635 1048 1674 illa,
1075 1636 1117 1667 ab
1129 1638 1268 1676 :po-st,
1295 1635 1359 1668 wie
1383 1635 1470 1668 oster
1487 1635 1541 1668 bei

862 1680 973 1718 Quint.
1006 1679 1072 1712 und
1107 1680 1212 1713 sehon
1247 1680 1301 1713 bei
1327 1680 1440 1713 Livius
1465 1681 1542 1713 sehr

862 1724 976 1767 haufig
1020 1725 1105 1758 nach
1146 1725 1221 1758 dem
1263 1724 1441 1767 Vorgange
1483 1725 1542 1758 der

861 1770 1005 1803 Dichter.

915 1817 962 1849 18.
1004 1816 1130 1847 Porcio
1148 1815 1300 1847 Latroni
1336 1814 1391 1855 M„
1409 1815 1543 1857 Zeitge-

865 1870 964 1893 nosse
990 1855 1049 1892 des
1075 1861 1259 1901 Augustus.

906 1905 1101 1946 professor,
1127 1906 1179 1937 ein
1207 1903 1303 1938 Wort
1328 1904 1386 1937 der
1410 1904 1542 1937 Kaiser-

864 1950 946 1990 zeit‚
983 1960 1050 1982 von
1081 1950 1248 1991 profiteri
1279 1953 1391 1982 artem
1426 1950 1542 1992 herge-

864 1995 968 2034 leitet,
995 1995 1193 2027 bezeichnet
1219 1994 1282 2027 den
1303 1994 1426 2028 Lehrer
1451 1995 1542 2028 einer

865 2039 982 2080 Kunst,
1008 2050 1034 2072 5.
1059 2039 1095 2080 11,
1124 2042 1175 2077 tt,
1204 2043 1229 2073 l.
1256 2040 1322 2080 XII,
1351 2043 1400 2080 ll,
1427 2042 1479 2074 20.

906 2096 1129 2117 qunmam—
1139 2087 1351 2126 opinionem,
1365 2085 1541 2127 vgl.7,17‚

862 2130 971 2163 wosiir
984 2130 1098 2164 srfiher
1107 2132 1324 2163 eoeistimatio
1335 2130 1450 2163 ublich
1461 2141 1539 2163 war.

905 2177 963 2207 uti
972 2194 1010 2199 —
1020 2176 1314 2216 transferrentur,
1328 2175 1396 2218 vgl.
1408 2175 1451 2209 M.
1461 2175 1538 2209 Seu.

862 2220 1091 2254 Controv.1V.
1116 2220 1241 2254 Praes.:
1269 2221 1540 2253 declamatoriae

863 2267 1006 2298 virtutis
1040 2266 1231 2299 Latronem
1263 2267 1427 2299 Porcium
1459 2267 1539 2298 uni-

862 2322 940 2343 cum
969 2312 1185 2353 ammplam,
1216 2321 1294 2343 eum
1318 2321 1387 2352 pro
1417 2322 1477 2344 reo
1502 2313 1539 2343 in

861 2356 1035 2398 Hispania
1068 2356 1211 2388 Rustico
1235 2357 1362 2389 Porcio
1390 2358 1542 2398 propin-

863 2412 930 2442 quo
947 2412 1011 2433 suo
1029 2402 1171 2443 diceret,
1189 2411 1297 2442 usque
1313 2412 1353 2433 eo
1372 2412 1442 2433 esse
1460 2412 1540 2434 eon-

861 2446 992 2486 s'usum,
1015 2450 1056 2478 ut
1081 2457 1101 2478 a
1125 2447 1329 2478 soloecismo
1356 2448 1538 2488 inciperet,

863 2502 925 2524 nec
949 2494 1031 2523 ante
1051 2493 1210 2533 potuisse
1229 2491 1448 2533 confirmari,
1472 2494 1540 2525 tee-

864 2540 935 2568 tum
944 2547 986 2569 ac
994 2538 1151 2579 parietes
1159 2537 1425 2579 desiderantem,
1434 2547 1540 2580 quam

1576 280 1612 312 15

1578 561 1613 592 16

1575 842 1610 873 17

1577 1124 1611 1155 18

1575 1405 1610 1437 19
