1720 2848
132 466 168 497 16

134 747 168 778 17

134 1029 168 1061 18

197 113 251 154 66
695 117 835 150 CAPUT
861 117 911 152 111.
935 119 954 159 g
984 119 1125 152 15—20.

200 233 374 284 resupini
398 238 697 284 spectantesque
722 238 864 270 tectum
894 238 932 270 et
957 233 1230 284 cogitationem
1255 245 1454 272 murmure
1476 234 1623 285 agitan-

201 297 257 328 tes
285 290 635 341 expectaverimus.
674 289 764 339 quid
798 288 997 336 obveniat;
1034 290 1096 328 sed
1131 290 1222 340 quid
1253 303 1316 329 res
1340 296 1493 341 poscat.
1532 291 1621 342 quid

200 358 408 397 personam
432 346 578 390 deceat,
602 345 705 396 quod
722 345 771 383 sit
787 350 953 395 tempus.
977 345 1041 395 qui
1060 345 1197 385 iudicis
1213 347 1376 386 animus.
1400 346 1529 385 intuiti
1552 347 1624 385 bu-

200 414 316 441 mano
339 402 503 453 quodam
534 403 649 440 modo
680 402 723 439 ad
755 401 1005 440 scribendum
1035 403 1324 442 accesserimus.
1366 403 1429 441 Sic
1452 403 1566 442 nobis
1587 410 1625 442 et

199 459 306 498 initia
330 465 367 497 et
389 471 488 509 quae
511 464 700 497 secuntur
725 464 859 496 natura
883 458 964 508 ipsa
988 458 1229 508 praescribit.
1273 460 1382 498 Certa
1406 467 1494 498 sunt
1519 460 1622 498 enim

202 516 385 566 pleraque
409 522 458 561 et,
490 515 562 553 nisi
586 515 847 553 coniveamus,
879 515 917 552 in
943 514 1076 553 oculos
1098 514 1325 563 incurrunt;
1363 516 1527 566 ideoque
1552 528 1623 555 nec

201 572 346 610 indocti
371 584 442 609 nec
465 571 597 610 rustici
621 571 685 609 diu
710 576 916 622 quaerunt,
940 571 1042 609 unde
1065 571 1274 622 incipiant;
1298 585 1374 623 quo
1396 573 1622 624 pudendum

201 634 255 666 est
278 627 411 677 magis,
434 627 463 665 si
487 628 754 666 difficultatem
778 627 869 665 facit
890 627 1078 666 doctrina.
1121 628 1206 666 Non
1226 641 1318 679 ergo
1335 641 1488 680 semper
1510 637 1623 681 pute-

201 696 286 723 mus
308 684 496 735 optimum
521 697 604 723 esse
628 685 729 735 quod
753 684 862 732 latet;
886 684 1194 723 inmutescamus
1217 685 1372 735 alioqui,
1395 686 1424 724 si
1449 686 1543 724 nibil
1565 686 1621 724 di-

201 742 367 780 cendum
399 741 572 780 videatur
603 742 674 780 nisi
708 741 810 791 quod
843 754 922 779 non
954 741 1186 779 invenimus.
1230 741 1431 779 Diversum
1455 749 1511 781 est
1533 743 1622 781 huic

201 809 338 836 eorum
369 798 515 843 vitium,
553 798 616 848 qui
649 798 775 849 primo
804 797 1013 836 decurrere
1049 810 1120 849 per
1155 798 1354 836 materiam
1392 798 1478 837 stilo
1509 811 1622 849 quam

202 854 443 893 velocissimo
466 854 599 893 volunt
623 861 658 892 et
681 860 892 904 sequentes
914 855 1081 892 calorem
1111 862 1226 905 atque
1250 855 1435 905 impetum
1459 868 1503 893 ex
1527 862 1624 894 tem·

202 923 295 962 pore
319 911 516 957 scribunt;
549 911 649 949 banc
668 911 800 965 {5an
824 917 972 948 vocant.
1024 910 1222 961 Repetunt
1243 911 1381 949 deinde
1404 918 1440 950 et
1464 924 1623 963 compo-

203 973 301 1005 nunt
322 979 420 1017 quae
443 967 683 1014 ellu(lerant;
714 967 780 1005 sed
812 966 926 1004 verba
950 969 1208 1005 emendantur
1230 975 1264 1005 et
1298 968 1463 1012 numeri,
1495 976 1622 1007 manet

200 1024 237 1061 in
263 1023 380 1061 rebus
403 1029 549 1061 temere
572 1023 768 1074 congestis
791 1035 889 1074 quae
913 1023 981 1061 tuit
1006 1023 1148 1061 levitas.
1194 1024 1375 1062 Protinus
1398 1036 1491 1075 ergo
1515 1026 1623 1063 adbi-

154 1080 448 1174 vffwam
471 1080 614 1118 rectius
637 1080 709 1118 erit
740 1086 854 1130 atque
885 1079 931 1117 ab
962 1079 1071 1118 initio
1095 1080 1149 1118 sic
1177 1093 1276 1130 opus
1297 1081 1452 1122 ducere,
1475 1088 1516 1119 ut
1539 1093 1624 1120 cae-

239 1149 260 1175 n

98 1243 167 1286 Χ19

131 1537 167 1568 20

267 1149 357 1175 (um
379 1149 455 1175 non
476 1149 519 1174 ex
538 1137 691 1188 integro
711 1136 979 1174 fabricandum
1003 1136 1062 1175 sit.
1106 1136 1322 1187 ¹&liquando
1345 1143 1471 1175 tamen
1496 1139 1625 1176 adsec-

200 1200 262 1231 tus
283 1205 505 1243 sequemur.
529 1193 566 1231 in
591 1193 733 1244 quilius
757 1195 835 1231 sere
858 1193 944 1243 plus
967 1193 1073 1230 calor
1093 1205 1208 1243 quam
1230 1194 1426 1244 diligentia
1448 1195 1557 1233 valet.

313 1250 412 1288 Satis
434 1257 591 1301 apparet
624 1263 667 1288 ex
699 1263 756 1297 eo,
788 1250 891 1300 quod
921 1249 1020 1287 lianc
1051 1250 1306 1288 scribentium
1340 1251 1625 1301 neglegentiam

199 1306 353 1352 damno,
383 1307 472 1357 quid
504 1307 550 1344 de
583 1306 656 1345 illis
688 1306 911 1345 dictandi
945 1306 1091 1344 deliciis
1121 1307 1297 1345 sentiam.
1339 1307 1433 1345 Nam
1464 1308 1501 1346 in
1536 1308 1624 1346 stilo

200 1363 355 1413 quidem
381 1363 589 1413 quamlibet
614 1370 824 1414 properato
850 1363 913 1400 dat
934 1362 1099 1413 aliquam
1123 1364 1346 1413 cogitationi
1372 1376 1518 1402 moram
1544 1377 1621 1402 non

199 1432 448 1469 consequens
472 1420 708 1458 celeritatem
733 1420 815 1458 eius
833 1431 993 1466 manus;
1018 1419 1079 1457 ille
1097 1420 1157 1457 cui
1176 1420 1364 1458 dictamus
1379 1427 1491 1471 urget
1509 1427 1624 1471 atque

201 1476 356 1515 interim
381 1477 498 1527 pudet
521 1477 633 1514 etiam
657 1477 834 1515 dubitare
855 1483 915 1514 aut
941 1476 1121 1513 resistere
1145 1483 1206 1513 aut
1226 1484 1375 1514 mutare
1399 1478 1505 1526 ‹uiasi
1528 1490 1624 1516 con-

198 1533 320 1571 scium
356 1533 592 1571 infirmitatis
624 1540 779 1571 nostrae
812 1534 1003 1571 timentes.
1046 1532 1132 1577 Quo
1155 1534 1207 1576 tit,
1241 1540 1380 1570 utnon
1407 1534 1514 1571 rudia
1538 1540 1623 1571 tan-

201 1596 279 1627 tum
312 1596 346 1627 et
379 1589 534 1628 fortuita
567 1590 632 1628 sed
665 1590 865 1641 inpropria
898 1589 1065 1633 interim,
1098 1589 1187 1627 dum
1211 1589 1290 1628 sola
1313 1597 1366 1628 est
1392 1590 1622 1629 conectendi

199 1646 391 1684 sermonis
420 1646 621 1697 cupiditas,
659 1647 748 1684 et'ssu
800 1653 919 1740 ἧφι
948 1657 967 1681 e
1000 1658 1071 1683 nec
1103 1645 1356 1684 scribentium
1388 1659 1519 1684 curam
1552 1659 1623 1685 nec

198 1702 410 1740 dicentium
440 1702 627 1754 impetum
661 1658 968 1764 cffifflffmnstzin
1012 1704 1056 1739 At
1088 1702 1186 1739 idem
1221 1702 1296 1745 ille,
1325 1703 1389 1753 qui
1413 1703 1567 1753 exeipit,
1592 1704 1622 1741 si

243 1793 273 1822 si
298 1802 366 1823 uon
393 1810 435 1814 —
461 1793 654 1832 agitantes,
683 1791 784 1824 kurzc
811 1791 876 1824 und

199 1836 436 1869 anschaulicbe
478 1836 718 1878 Schitderung,
769 1835 878 1868 wostir

199 1881 260 1913 wir
286 1881 444 1924 tibrigens
476 1881 560 1914 noch
588 1883 728 1914 manche
754 1881 875 1914 andere

200 1926 359 1959 tress'eude
386 1926 581 1959 Ausdriieke
609 1927 727 1959 baben.

242 1974 410 2013 resupini,
429 1982 493 2005 von
518 1972 603 2016 dem,
630 1972 687 2005 der
704 1972 766 2005 den
789 1971 877 2014 Kops

199 2016 447 2059 zurnckbeugt‚
479 2017 551 2050 also
584 2017 767 2050 besonders
806 2028 872 2050 von

198 2062 283 2102 dem,
310 2061 367 2094 der
385 2062 455 2094 siclt
481 2063 512 2094 in
532 2062 704 2104 liegender
722 2062 877 2104 Stellung

199 2106 357 2139 befindeh

247 2154 295 2185 16.
323 2154 606 2193 inmuteseamus,
631 2153 683 2184 ein
703 2152 779 2184 selu·
797 2152 875 2184 selt-

199 2207 254 2230 uer
280 2197 454 2229 Ausdruck
488 2201 571 2229 statt
602 2197 661 2229 des
694 2201 789 2229 sonst
815 2198 872 2229 tib-

199 2242 306 2275 lichen
335 2244 578 2274 obmutescere.

243 2289 390 2329 alioqui,
416 2288 446 2320 in
477 2287 534 2320 der
562 2287 751 2329 Folgerung
780 2288 872 2319 eines

201 2332 527 2366 Konditionalsatzes
553 2333 658 2365 ofters
686 2333 736 2365 bei
760 2332 872 2371 Quint.

198 2378 264 2421 vgl.
292 2379 311 2420 ξ
339 2380 391 2410 30.

246 2425 295 2456 17.
315 2424 498 2455 Diversum
512 2442 553 2446 —
569 2424 660 2455 huie.
690 2422 744 2456 Rei
762 2423 874 2461 Quint.

198 2468 263 2500 und
291 2468 353 2501 den
374 2467 535 2510 Spateren
556 2469 598 2500 ist
623 2468 680 2501 der
700 2468 796 2500 [tativ
823 2468 873 2500 bei

196 2514 355 2545 diversus
378 2514 652 2546 vorherrscbend.
681 2514 731 2546 bei
759 2514 873 2546 Cicero

196 2560 248 2590 ab.

992 1791 1098 1829 silva,
1126 1791 1167 1822 ist
1194 1791 1276 1822 nach
1304 1790 1378 1822 dem
1406 1791 1457 1823 bei
1485 1791 1547 1823 den
1567 1791 1624 1823 La—

948 1836 1074 1876 teinern
1125 1836 1280 1868 [iblieben
1332 1835 1514 1868 versam-en
1568 1835 1622 1869 die

948 1880 1179 1923 Ubersetzung
1213 1881 1270 1913 der
1295 1882 1355 1912 mit
1381 1881 1454 1913 dem
1483 1881 1623 1923 griechi-

945 1926 1046 1958 scben
1068 1925 1182 1958 Worte
1201 1926 1414 1967 gewobnlich
1437 1926 1624 1959 verbunde-

945 1981 1007 2003 nen
1024 1970 1233 2013 Bedeutung,
1254 1967 1316 2013 ἶῖλη
1332 1971 1431 2004 heisst
1445 1971 1524 2004 aber
1538 1972 1621 2004 auch

944 2017 1017 2049 eine
1051 2016 1279 2058 ungeordnete
1311 2016 1436 2053 Masse,
1476 2016 1621 2049 welcber

949 2061 1076 2104 Regu-its
1108 2066 1175 2094 erst
1207 2062 1237 2093 in
1271 2062 1359 2093 silva
1393 2061 1618 2104 bineingelegt

946 2106 1072 2140 wurde.

994 2153 1041 2184 18.
1069 2162 1156 2193 opus
1180 2152 1316 2187 ducere,
1342 2152 1393 2183 ein
1422 2151 1524 2183 Werk
1551 2152 1621 2183 aus—

944 2196 1086 2229 nebmen
1114 2196 1179 2228 und
1206 2196 1400 2229 fortst'ihren.

989 2243 1024 2273 ιή
1051 2243 1177 2283 quibus
1202 2261 1245 2265 —
1270 2241 1380 2281 valet,
1407 2241 1460 2273 die
1489 2241 1621 2274 Wiirme

943 2288 1133 2329 iibcrwiegt
1157 2286 1218 2319 den
1241 2287 1407 2328 etwaigen
1428 2286 1560 2329 Mangel
1580 2298 1620 2319 an

946 2332 1168 2364 Korrektbeit.

994 2380 1042 2410 19.
1069 2377 1231 2415 deliciae,
1257 2377 1451 2409 bezeicbnet
1480 2376 1533 2409 die
1564 2376 1620 2409 be-

945 2422 1086 2455 sondere
1106 2422 1259 2464 Neigung
1286 2433 1323 2454 zu
1344 2427 1451 2455 etwas
1468 2422 1534 2454 und
1561 2422 1620 2454 das

946 2467 1211 2509 Wohlgesallen.
1262 2468 1410 2500 welches
1456 2477 1530 2499 man
1579 2477 1618 2499 an

945 2514 1052 2545 ciuem
1080 2513 1315 2555 Gegenstande
1342 2513 1409 2545 bat.

991 2559 1041 2591 20.
1061 2561 1091 2589 si
1108 2559 1247 2590 eat-dior
1273 2564 1335 2591 cet.
1355 2558 1551 2591 bezeicbnet
1565 2556 1619 2589 die
