1720 2848
151 99 203 139 72
673 101 814 134 CAPUT
842 100 879 133 v.
905 102 924 143 ξ
950 103 1048 136 4-8.

264 217 338 256 Sed
371 224 407 256 et
431 217 492 256 illa
523 230 567 255 ex
591 216 739 255 Latinis
771 216 974 255 conversio
1001 217 1164 255 multum
1188 224 1221 255 et
1247 217 1328 267 ipsa
1351 218 1573 257 contulerit.

152 276 204 312 Ac
228 274 274 313 de
297 273 539 312 carminibus
562 273 717 324 quidem
738 272 935 311 nemiuem
953 273 1070 311 credo
1088 273 1280 313 dubitare.
1303 285 1381 323 quo
1403 273 1486 312 solo
1508 286 1574 324 ge-

154 342 247 370 nere
270 330 560 369 exercitationis
582 329 724 368 dicitur
746 341 839 367 usus
861 341 944 368 esse
967 328 1174 380 Sulpicius.
1224 330 1318 368 Nam
1342 337 1376 368 ct
1400 329 1576 369 sublimis

152 387 311 438 spiritns
332 387 515 425 adtollere
539 385 756 424 orationem
779 391 919 436 potest.
943 390 977 423 et
1000 384 1115 423 verba
1136 386 1286 437 poetica
1310 386 1486 425 libertate
1509 400 1576 425 au·

151 443 305 483 (laciora
330 456 407 481 non
427 449 685 494 praesumunt
703 442 865 480 eandem
882 442 1040 493 proprie
1057 442 1210 481 dicendi
1228 443 1461 482 facultatem.
1500 443 1574 482 Sed

152 506 189 539 et
220 500 313 551 ipsis
343 499 547 538 sententiis
576 498 727 537 adicere
758 498 845 537 licet
877 498 1090 537 oratorium
1121 498 1242 537 robur
1263 505 1301 537 et
1323 500 1461 539 omissa
1484 512 1576 551 sup-

102 564 120 594 5
151 556 258 608 plere
282 563 315 594 et
340 556 460 594 effusa
482 554 763 605 substringere.
805 555 938 605 Neque
967 568 1038 605 ego
1061 555 1324 606 paraphrasim
1349 569 1432 595 esse
1456 557 1576 595 inter-

152 612 410 664 pretationem
436 618 583 650 tantum
607 612 693 649 volo
711 611 776 651 sed
795 611 897 650 circa
916 611 1072 649 eosdem
1090 624 1230 650 sensus
1247 618 1442 651 certamen
1462 619 1577 664 atque

152 668 463 708 aemulationem.
506 668 747 762 Ideoque-'1³³9
775 667 1082 734 illisdgilisseutio.
1114 668 1179 719 qui
1209 674 1358 707 vertere
1381 669 1578 708 orationes

153 725 308 764 Latinas
330 731 470 770 vetant,
493 725 581 776 quia
605 725 711 775 optin
730 720 994 776 is‘occupatis,
1018 725 1205 776 quidquid
1229 725 1338 763 aliter
1355 725 1577 772 dixerimus,

153 794 312 821 necesse
344 782 391 820 sit
413 794 496 820 esse
523 781 706 819 deterius.
748 781 841 819 Nam
876 794 1003 831 nequ(¹
1032 794 1186 832 semper
1211 788 1265 820 est
1290 781 1575 832 desperandum

153 838 296 889 aliquid
320 838 405 884 illis,
439 850 537 889 quae
560 838 659 876 dicta
683 843 786 883 sunt,
817 837 956 876 melius
979 851 1092 889 posse
1115 838 1299 889 reperiri;
1335 850 1461 888 neque
1483 838 1577 877 adeo

153 895 322 934 ieiunam
345 907 386 933 ac
410 906 623 946 pauperem
641 901 778 932 natura
795 894 1057 944 eloquentiam
1076 895 1178 940 fecit,
1203 901 1240 932 ut
1262 908 1336 934 una
1357 894 1402 932 de
1422 907 1462 933 re
1479 894 1578 933 bene

103 959 120 989 6
152 951 225 990 dici
245 951 316 989 nisi
336 951 455 989 semel
474 963 552 989 non
572 951 704 1001 possit.
746 950 826 988 Nisi
844 952 942 988 sorte
960 950 1192 989 histrionum
1212 951 1330 989 multa
1349 951 1447 989 circa
1466 963 1579 990 voces

154 1007 307 1047 easdem
341 1007 487 1045 variare
521 996 651 1058 gestffs
682 1012 829 1057 potest:
861 1006 996 1044 orandi
1029 1007 1157 1045 minor
1181 1007 1246 1053 vis,
1278 1014 1317 1045 ut
1339 1007 1488 1046 dicatur
1510 1008 1580 1046 ali-

154 1063 258 1115 quid,
281 1069 370 1115 post
392 1063 495 1114 quod
518 1063 557 1101 in
591 1063 723 1101 eadem
749 1063 906 1101 materia
938 1063 1032 1101 nihil
1055 1063 1262 1101 dicendum
1285 1064 1344 1101 sit.
1386 1063 1461 1102 Sed
1484 1070 1579 1111 esto,

153 1133 282 1171 neque
312 1120 450 1159 melius
481 1119 584 1171 quod
614 1120 834 1158 invenimus
865 1132 948 1158 csse
973 1132 1100 1170 neque
1124 1132 1210 1171 par:
1243 1126 1298 1158 est
1322 1127 1426 1158 certe
1450 1121 1580 1171 proxi-

153 1178 226 1216 mis
249 1177 371 1216 locus.
414 1177 471 1215 An
497 1189 586 1215 vero
610 1176 681 1228 ipsi
706 1189 785 1215 non
809 1176 867 1215 bis
888 1188 932 1215 ac
953 1176 1106 1227 saepius
1127 1176 1173 1215 de
1197 1176 1329 1216 eadem
1353 1189 1393 1215 re
1416 1176 1581 1216 dicimus

154 1239 189 1273 et
221 1233 376 1285 quidem
411 1233 619 1272 continuas
650 1244 947 1284 nonnumquam
981 1231 1224 1271 sententias?
1260 1233 1338 1272 Nisi
1362 1234 1461 1272 sorte
1484 1245 1580 1272 con—

154 1290 315 1330 tendere
346 1289 550 1329 nobiscum
581 1302 801 1341 possumus,
831 1302 919 1328 cum
950 1289 1032 1328 aliis
1063 1302 1139 1328 non
1173 1302 1392 1341 possumus.
1434 1289 1528 1328 Nam
1549 1290 1580 1329 si

154 1359 233 1386 uno
257 1358 402 1398 genere
424 1345 525 1385 bene
549 1346 756 1393 diceretur,
789 1346 844 1385 sas
867 1352 948 1384 erat
971 1346 1179 1385 existimari
1202 1346 1443 1398 praeclusam
1467 1346 1581 1386 nobis

154 1416 172 1442 a
195 1403 393 1455 prioribus
415 1403 532 1451 viam;
557 1415 662 1441 nunc
684 1416 776 1441 vero
799 1403 1106 1442 innumerabiles
1128 1409 1218 1441 sunt
1242 1403 1345 1441 modi
1370 1403 1580 1454 plurimae-

104 1466 122 1499 8
153 1473 228 1512 que
259 1460 395 1498 eodem
424 1460 505 1498 viae
528 1460 689 1498 ducunt.

750 1460 826 1498 Sua
858 1459 1034 1498 brevitati
1063 1459 1196 1509 gratia,
1231 1472 1298 1498 sua
1321 1460 1471 1510 copiae,
1509 1459 1579 1498 alia

170 1529 187 1556 ι·
215 1516 348 1555 nslatis
370 1516 500 1563 virtus,
523 1516 594 1554 alia
618 1517 800 1567 propriis,
823 1516 897 1554 hoc
920 1516 1042 1554 oratio
1061 1522 1178 1561 recta.
1202 1515 1294 1554 illud
1318 1518 1438 1565 ligura
1462 1516 1580 1555 decli-

74 1524 209 1589 mh}

154 1580 243 1612 nata
265 1573 525 1612 commendat.
568 1573 655 1624 Ipsa
687 1573 856 1623 denique
887 1572 1086 1611 utilissima
1111 1580 1162 1610 est
1189 1572 1457 1612 exercitationi
1481 1573 1581 1611 difli-

200 1686 230 1717 4.
251 1695 295 1715 ca:
309 1683 450 1715 Latinis
463 1685 654 1716 conversio.
674 1683 732 1717 Die
748 1684 836 1716 Kon-

154 1728 323 1762 struktion
339 1728 397 1761 des
414 1727 579 1761 Verbums
603 1729 681 1771 geht
705 1729 764 1762 aus
775 1729 834 1761 das

155 1774 413 1807 substantivum
428 1774 562 1807 verbale
578 1775 670 1811 iiber,
685 1775 753 1817 vgl.
771 1773 835 1815 Vll,

155 1822 186 1856 2.
213 1822 252 1853 35
281 1830 326 1851 θῶ·
351 1821 467 1851 causis
486 1821 665 1861 probatio.

199 1867 233 1897 et
257 1866 345 1906 ipsa,
371 1864 625 1906 gewohnlicher
649 1867 725 1906 ipsa
752 1875 836 1907 quo-

156 1920 239 1953 que,
272 1919 326 1941 wo
352 1919 418 1942 von
444 1909 552 1942 einem
578 1910 722 1943 zweiten
750 1910 836 1943 Sub-

150 1954 227 1997 jekt
259 1954 417 1987 dasselbe
451 1959 631 1997 ausgesagt
666 1955 768 1996 wird,
800 1956 831 1988 in

156 2000 214 2034 der
237 1999 437 2042 Bedeutung
460 1996 689 2042 ‘gleichsatls‘‚
715 2001 783 2043 vgl.
803 2004 834 2041 5,

156 2048 209 2079 20.
235 2048 266 2083 6.
296 2048 322 2078 1.
351 2047 380 2085 7,
410 2047 462 2078 26.

203 2090 392 2132 Sulpicius,
418 2100 443 2123 s.
475 2092 501 2131 1,
529 2092 602 2123 116.

195 2138 441 2178 praesumunt.
500 2134 559 2168 Die
589 2135 834 2168 Zuriickbezie-

155 2180 248 2223 hung
280 2179 339 2212 auf
368 2179 427 2212 das
462 2180 650 2213 ltandelnde
679 2180 834 2222 Subjekt,

155 2225 208 2258 die
235 2228 331 2258 sonst
348 2229 433 2258 stets
451 2225 482 2258 in
499 2236 726 2268 praesumere
740 2226 833 2268 liegt,

156 2271 235 2313 geht
262 2270 333 2303 hier
358 2280 442 2313 ganz
464 2271 628 2313 veriorem

203 2318 232 2350 6.
266 2314 471 2348 Nisi—vis.
509 2315 654 2349 Ahnlich
670 2316 733 2349 wie
749 2316 833 2349 nach

157 2371 214 2403 an,
239 2371 285 2393 an
310 2371 391 2394 vero
418 2360 501 2393 wird
528 2361 598 2394 hier
622 2361 706 2394 nach
725 2362 833 2394 einem

156 2405 259 2439 durch
285 2408 357 2438 nisi
380 2405 475 2446 force
492 2406 732 2449 eingeleiteten
754 2405 834 2439 Satz

157 2451 209 2484 ein
230 2452 379 2492 zweiter,
398 2461 452 2484 um
471 2451 534 2485 den
551 2452 740 2494 Gegensatz
755 2452 835 2484 zwi-

156 2496 257 2529 schen
277 2497 489 2529 histrionum
507 2500 629 2538 gestus
646 2497 712 2530 und
731 2507 836 2530 oran-

156 2541 194 2573 di
211 2543 262 2573 vis
286 2542 399 2574 schars
422 2542 708 2584 hervorzuheben‚
734 2552 834 2586 asyn-

905 1683 1034 1716 detisch
1061 1683 1293 1725 hinzugesiigt,
1320 1684 1386 1726 vgl.
1413 1683 1434 1719 l.
1467 1686 1515 1720 10.
1543 1686 1580 1717 6:

904 1730 974 1760 nisi
990 1728 1084 1767 forle
1101 1725 1309 1761 ἄντιδότοι·ς
1326 1729 1465 1771 quidem
1478 1748 1521 1752 —
1536 1740 1582 1761 ea:

906 1774 1024 1805 multis
1048 1793 1090 1796 —
1111 1774 1292 1813 effectibus
1309 1777 1473 1816 componi
1489 1774 1582 1806 vide-

904 1829 980 1850 mus
1004 1837 1046 1842 —-
1079 1822 1112 1850 et
1143 1823 1239 1851 muta
1273 1819 1444 1851 animalia
1470 1819 1583 1851 mellis

906 1864 1003 1896 illum
1039 1865 1283 1896 inimitabilem
1321 1866 1495 1897 humanae
1525 1875 1583 1897 ra-

907 1911 998 1941 tioni
1025 1920 1184 1952 saporem
1210 1929 1252 1933 —
1277 1910 1488 1952 perficiunt:
1519 1920 1583 1942 nos

905 1956 1127 1996 mirabimur,
1152 1957 1184 1987 si
1210 1957 1328 1988 oratio
1352 1974 1394 1979 —-
1418 1955 1583 1996 plur-ibus

904 2001 1044 2032 artibus
1069 2003 1179 2042 egeat.
1222 2000 1258 2041 ll,
1278 2003 1308 2041 3,
1327 2003 1364 2034 6;
1390 2000 1473 2033 Nise·
1489 1999 1583 2039 forte

903 2046 1018 2078 Iovem
1033 2046 1171 2087 quidem
1186 2046 1331 2078 Phidias
1345 2048 1474 2088 optime
1485 2044 1581 2085 fecit,

903 2092 964 2123 illa
991 2094 1109 2123 autem
1140 2110 1176 2114 —-
1204 2092 1297 2123 alius
1320 2092 1445 2123 melius
1469 2091 1582 2123 elabo—

901 2139 1021 2168 rassec.

948 2184 1019 2213 esto
1029 2192 1148 2212 —esse.
1167 2180 1242 2223 Vgt.
1255 2180 1330 2213 Hor.
1341 2179 1476 2223 Epist.l‚
1489 2182 1516 2220 1,
1528 2181 1580 2213 81.

949 2229 979 2259 7.
1001 2225 1182 2267 plurimae
1207 2226 1323 2258 eodem
1343 2227 1419 2258 viae
1435 2225 1581 2263 ducunt,

902 2271 1033 2304 scheint
1073 2271 1363 2313 sprichwortliche
1395 2269 1579 2303 Redensart

905 2327 944 2349 zu
971 2326 1053 2350 sein.

950 2363 981 2395 8.
1008 2363 1123 2394 oratio
1149 2364 1244 2393 recca
1270 2360 1313 2393 ist
1331 2359 1384 2393 die
1404 2359 1580 2401 schhchtae,

905 2406 1057 2439 einsache
1077 2405 1286 2447 Redeweise‚
1306 2405 1372 2448 vgl.
1395 2408 1422 2446 1,
1438 2408 1492 2446 44,
1517 2404 1581 2438 Ge-

905 2455 1042 2494 gensatz
1075 2451 1159 2484 dazu
1195 2452 1238 2483 ist
1269 2454 1385 2483 oratio
1409 2451 1582 2493 figurata,

904 2497 971 2539 vgl.
998 2496 1052 2538 lx,
1071 2499 1097 2537 1,
1114 2499 1151 2530 3:
1177 2499 1328 2538 utraque
1353 2507 1409 2528 res
1433 2494 1579 2538 (Tropen

904 2541 969 2574 und
998 2542 1154 2584 Figuren)
1185 2542 1226 2574 de
1250 2545 1347 2574 recta
1373 2545 1406 2574 et
1428 2541 1582 2584 simplici
