1720 2848
661 109 801 143 meist·
830 109 891 143 Vll.
919 113 938 153 ᾗ·
965 113 1061 144 5—’2-
1512 111 1562 148 bl

155 241 292 267 missus
322 234 445 278 potest
474 238 586 276 quam
617 226 836 270 scierimus,
872 238 950 276 quo
978 226 1022 264 sit
1061 232 1097 264 et
1133 238 1206 275 qua
1245 227 1564 276 perveniemlum.

157 286 232 324 {xvc
254 285 345 323 satis
365 289 419 320 est
444 295 521 321 non
546 282 725 328 ignorare
742 295 840 332 quae
855 283 932 320 sint
949 293 1150 320 causarum
1169 281 1400 319 iudicialium
1425 290 1563 332 partes,

155 349 217 379 aut
249 339 516 391 quaestionum
548 339 724 376 ordinem
748 345 852 376 recte
873 339 1093 388 disponere,
1126 349 1357 388 quamquam
1382 339 1450 376 ista
1473 347 1564 377 suut

156 397 380 448 praecipua;
402 395 466 433 sed
491 395 581 444 quid
603 407 759 444 quoque
782 395 866 432 loco
891 395 1055 445 primum
1074 394 1119 432 sit
1142 407 1184 432 ac
1202 394 1414 432 secundum
1439 402 1475 432 et
1498 395 1563 432 de—

157 454 304 502 iuceps;
337 463 434 501 quae
463 451 511 489 ita
541 457 629 489 sunt
663 458 797 489 natura
827 450 1025 501 copulata,
1058 457 1097 488 ut
1127 450 1266 488 mutari
1290 457 1351 489 aut
1376 451 1563 489 intervelli

153 510 237 547 siue
259 507 489 545 conl'usiom·
514 521 591 546 non
624 507 785 558 possint.
827 507 1012 556 Quisquis
1040 513 1165 545 autem
1188 507 1243 544 via
1267 507 1379 550 dicet,
1402 507 1566 545 ducetur
1595 514 1615 543 o

154 571 242 602 aute
264 563 390 601 onmia
423 576 570 602 rerum·
585 564 664 614 ipsa
687 564 786 601 serie
809 563 910 601 velut
931 564 1065 628 (luceir
1082 569 1242 614 propter
1264 563 1365 613 quod
1388 563 1565 602 homines

153 619 265 658 etiam
300 620 448 657 modice
477 620 674 658 exercitati
705 620 882 658 facillime
912 602 1089 657 (eii‘drem
1114 619 1150 657 in
1175 619 1463 657 narrationibus
1483 632 1565 658 ser-

152 682 252 713 vant.
301 676 460 717 Deinde,
483 676 572 726 quid
604 688 758 726 quoque
787 675 871 714 loco
894 683 1101 725 quaerant,
1131 675 1267 717 scient,
1299 688 1368 713 nec
1397 677 1565 714 circum-

150 732 381 782 spectabunt
404 745 472 770 uer
497 732 751 770 oll'erentilms
773 744 814 769 se
836 732 991 769 aliunde
1008 731 1187 770 sensibus
1208 731 1471 770 turbabuntur
1494 744 1565 771 nec

151 788 392 826 confundent
424 801 467 826 ex
497 788 657 826 diversis
687 787 903 825 orationem
934 787 1035 825 velut
1065 787 1245 825 salientes
1276 788 1350 825 liuc
1381 788 1469 826 illuc
1495 800 1565 826 nec

153 857 312 894 usquam
341 844 574 883 insistentes
623 844 824 881 Postremo
856 843 1053 882 lialiehunt
1085 843 1241 881 modum
1272 850 1309 881 et
1341 846 1469 887 linem,
1500 845 1565 894 qui
1597 850 1613 880 ῖ

150 912 234 938 esse
257 901 350 938 citra
373 901 599 939 divisionem
623 900 753 938 nullus
775 907 911 950 potest.
954 899 1125 950 Expletis
1147 911 1217 949 pro
1240 900 1417 938 facultate
1439 901 1566 938 omni—

153 956 224 995 bus
247 968 343 1006 quae
368 957 658 1007 proposuerint,
684 957 906 1006 pervenisse
928 968 968 994 se
991 956 1034 993 ad
1059 956 1236 994 ultimum
1258 957 1439 995 sentient.

264 1012 308 1050 Et
331 1013 425 1051 liaec
448 1012 602 1063 quidem
626 1025 670 1050 ex
693 1019 786 1058 arte,
810 1013 869 1051 illa
893 1025 981 1050 vero
1005 1025 1048 1050 ex
1071 1012 1217 1051 studio:
1251 1018 1290 1050 ut
1313 1013 1464 1062 copiam
1487 1026 1567 1051 ser-

151 1069 278 1107 monis
289 1069 436 1119 optimi,
456 1069 780 1119 quemadmodum
793 1074 1045 1119 praeceptum
1057 1075 1125 1113 cst,
1145 1081 1426 1119 comparemus,
1444 1069 1566 1107 multo

151 1138 193 1163 ac
224 1125 324 1163 tideli
356 1125 443 1164 stilo
472 1125 526 1164 sic
555 1126 744 1163 formetur
772 1125 907 1169 oratio,
938 1131 979 1162 ut
999 1125 1234 1175 scriptorum
1258 1125 1430 1163 colorem
1453 1125 1567 1163 etiam

152 1193 250 1230 quae
266 1181 394 1219 subito
413 1182 532 1219 effusa
546 1182 624 1219 sint
641 1181 824 1227 reddant:
845 1188 885 1220 ut
908 1193 995 1219 cum
1013 1181 1129 1219 multa
1147 1181 1430 1231 scripserimus,
1454 1182 1567 1220 etiam

151 1238 269 1275 multa
287 1237 472 1276 dicamus.
505 1237 598 1276 Nam
618 1238 858 1276 consuetudo
876 1244 911 1276 et
929 1237 1152 1275 exercitatio
1165 1237 1384 1276 facilitatem
1403 1238 1567 1276 maxime
1596 1241 1616 1273 8

154 1294 273 1343 parim
296 1306 393 1344 quae
415 1294 444 1332 si
468 1295 625 1343 paulum
657 1294 872 1333 intermissa
895 1294 1021 1338 t'uerit,
1054 1306 1130 1332 non
1163 1294 1344 1332 velocitas
1366 1294 1429 1332 illa
1452 1294 1565 1332 modo

153 1350 337 1396 tardatur,
366 1350 431 1388 sed
464 1350 591 1401 ipsum
621 1362 661 1388 os
690 1351 766 1388 coit
794 1357 908 1401 atque
938 1351 1150 1388 concurrit.
1193 1352 1436 1401 Quamquam
1462 1351 1568 1389 enim

155 1458 335 1491 'xeranlal‘st
366 1458 418 1491 die
450 1460 714 1502 entsprecheude
749 1460 826 1493 Ver-

152 1503 333 1545 gleicliung
351 1505 410 1536 mit
427 1503 650 1546 demJenigen,
676 1505 734 1537 der
751 1506 824 1537 eine

156 1548 255 1580 Falirt
280 1549 519 1582 unternelimen
553 1550 623 1582 will
655 1550 721 1582 und
753 1550 824 1582 sicli

154 1603 194 1625 zu
231 1592 305 1625 dem
338 1593 481 1627 Zwecke
516 1595 599 1627 iiber
633 1595 696 1627 den
729 1594 824 1637 Weg,

154 1637 218 1670 den
243 1647 277 1670 er
297 1638 511 1681 einsclilagen
530 1639 627 1680 murs,
652 1640 718 1672 und
743 1641 825 1673 fiber

153 1683 224 1715 sein
250 1683 319 1716 Ziel
345 1693 452 1725 genau
478 1685 706 1718 unterriclitet.

186 1738 373 1760 causat-um
381 1730 603 1762 iudicialium
612 1733 743 1771 pot-tes,
752 1730 826 1762 sind

154 1782 238 1814 ganz
265 1767 474 1810 Bestimmte..
506 1774 639 1807 konnen
673 1775 744 1807 also
769 1784 826 1816 ge-

156 1818 240 1849 lernt
278 1817 430 1857 werden,
465 1819 666 1851 uamentlicli
702 1830 826 1861 prooe-

153 1864 274 1902 mium,
300 1865 476 1901 tractatio,
499 1866 674 1905 probatio,
692 1864 827 1903 refuta-

154 1909 214 1941 tio.
239 1907 411 1948 epilogus,
444 1908 509 1950 vgl.
529 1909 578 1945 111,
596 1911 657 1947 9,1
678 1908 722 1944 ff..
747 1910 826 1941 aber

154 1952 214 1984 das
232 1952 262 1984 in
281 1952 354 1984 dem
374 1953 553 1995 folgenden
573 1954 750 1996 Fragesatz
767 1954 827 1986 sed

154 1996 242 2038 qnid
257 2001 319 2030 cet.
335 1997 534 2031 Entlialtene
552 2000 596 2031 ist
613 1999 826 2041 Gegenstand

154 2042 212 2073 der
238 2041 382 2075 liolieren
408 2043 567 2078 Einsiclit.
600 2054 695 2076 wozu
722 2043 826 2077 Urteil

156 2085 220 2118 und
247 2085 440 2121 Seliarssinn
465 2089 616 2131 zugleicli
642 2090 799 2131 gehfiren.

199 2135 443 2172 quaestionum
467 2152 510 2157 —
535 2134 728 2176 disponere,
760 2135 826 2176 vgl.

157 2175 221 2215 Vll,
249 2177 298 2217 10,
318 2180 334 2207 τ’)
362 2181 578 2219 quaestiones
607 2180 680 2212 sind
702 2178 827 2226 Haupt-

155 2220 293 2263 punkte,
320 2221 555 2266 Hauptfragen.

137 2264 390 2308 “mm-velli,
422 2268 475 2301 ein
500 2267 644 2302 Verbum
670 2269 728 2302 der
751 2271 828 2313 spii-

157 2316 247 2343 teren
271 2310 438 2346 Latinitat.

201 2356 232 2388 6.
254 2357 328 2398 via,
359 2354 600 2401 ‘planmassig'.
633 2360 683 2392 bei
715 2359 826 2398 Quint.

158 2409 218 2432 nur
241 2400 326 2433 hier:
352 2404 564 2445 vergleiclien
583 2404 659 2437 lasst
676 2404 747 2437 sicli
771 2404 827 2437 da-

156 2446 215 2477 mit
241 2445 314 2477 Ioco
338 2457 370 2479 u.
395 2458 423 2480 a.

201 2501 246 2522 ea:
269 2490 426 2529 diversis,
449 2490 565 2527 ‘durch
587 2494 827 2527 verschieden-

156 2531 299 2576 artiges’.
347 2536 410 2570 Der
433 2537 611 2572 Ausdruck
642 2540 687 2573 ist
711 2540 826 2573 adver-

224 2597 345 2628 Quintil.
359 2597 429 2625 lust.
444 2601 514 2625 orat.
528 2600 590 2626 Lib.
605 2601 637 2626 X.
657 2602 680 2626 ὁ.
694 2600 767 2626 Aufi.

895 1460 1034 1492 bialiscli
1067 1460 1266 1502 geworden,
1300 1460 1363 1493 wie
1397 1461 1457 1493 das
1482 1461 1568 1493 noch

896 1504 1064 1547 liiiufigere
1090 1516 1134 1537 ea:
1159 1505 1312 1544 diverso,
1339 1505 1451 1538 sodass
1476 1506 1568 1538 seiue

894 1551 1151 1592 grammatisclie
1168 1550 1356 1592 Einfsigung
1369 1551 1402 1582 in
1417 1550 1470 1582 die
1481 1550 1568 1583 Kon-

894 1595 1062 1628 struktion
1077 1595 1168 1628 nicht
1182 1595 1274 1629 mehr
1292 1605 1398 1638 genau
1415 1596 1570 1628 beachtet

896 1640 991 1672 wird.

939 1687 968 1718 7.
986 1685 1144 1727 Eapletis
1154 1687 1460 1727 —p7·opo.5ue1·int.
1487 1686 1570 1717 Pro-

889 1741 1022 1772 ponere
1039 1731 1126 1762 ohne
1147 1729 1216 1762 Dat.
1243 1729 1341 1762 lieisst
1361 1725 1480 1763 ‘etwas
1498 1729 1569 1762 aus-

894 1771 1037 1813 stellen’,
1074 1774 1185 1807 sodass
1219 1775 1365 1816 eoepletis
1396 1775 1465 1807 hier
1502 1775 1569 1807 liei-

894 1819 964 1851 ssen
980 1819 1082 1851 inuss:
1095 1815 1270 1851 ‘nachdem
1288 1819 1484 1860 ausgeftihrt
1501 1814 1567 1852 ist'.

894 1864 960 1906 vgl.
985 1864 1023 1901 V,
1044 1866 1094 1905 10,
1119 1866 1192 1896 109:
1218 1875 1280 1895 nec
1304 1866 1419 1896 minus
1442 1866 1480 1896 in
1505 1865 1570 1897 lzoc

894 1919 1002 1941 curae
1020 1909 1116 1941 debet
1139 1909 1310 1947 adhiberi,
1336 1909 1422 1950 quid
1441 1920 1570 1951 propo—

894 1955 1057 1991 nendum,
1083 1964 1187 1995 quam
1210 1954 1381 1996 quomodo
1405 1956 1453 1986 sit
1477 1955 1573 1996 quod

895 2001 1121 2041 proposueris
1143 1999 1373 2040 probandum.

941 2045 987 2077 Et
1007 2045 1279 2076 haec-studio.
1305 2043 1362 2076 Die
1377 2044 1419 2076 im
1433 2045 1571 2077 vorlier-

896 2089 1070 2131 gehenden
1085 2089 1321 2131 ausgestellten
1334 2088 1567 2131 Forderungen

895 2134 1039 2176 ergeben
1064 2134 1136 2166 sich
1161 2144 1221 2166 aus
1245 2134 1304 2167 der
1327 2133 1483 2169 Theorie.
1513 2144 1571 2166 an-

896 2179 973 2220 dere
984 2180 1041 2212 bea
1048 2179 1234 2222 nspruclien
1244 2179 1570 2212 wissenschasttiche

896 2223 1017 2266 Ubung
1042 2224 1108 2257 und
1133 2223 1413 2265 Besclial'tigung.
1447 2224 1499 2256 die
1524 2224 1572 2257 im

896 2269 1077 2311 folgenden
1102 2270 1204 2301 nalier
1228 2269 1425 2301 bezeichnet
1449 2270 1502 2303 ist.

941 2314 1103 2354 colorem,
1128 2315 1195 2356 vgl.
1221 2316 1250 2352 ss,
1277 2317 1307 2347 5.

943 2362 972 2393 8.
997 2358 1146 2391 Nam—
1164 2360 1273 2400 parit,
1300 2357 1484 2400 begri'indet
1509 2367 1572 2391 nur

897 2404 966 2443 das,
993 2414 1062 2436 was
1087 2403 1302 2436 uumittelbar
1325 2403 1537 2445 vomet-geht.

941 2449 1015 2486 illa,
1041 2449 1094 2481 die
1114 2458 1153 2481 zu
1171 2448 1341 2481 eri-eichen
1366 2448 1412 2480 ist
1437 2447 1504 2480 und
1521 2457 1576 2480 er-

895 2494 999 2527 reiclit
1024 2493 1160 2526 worden
1186 2493 1240 2526 ist.

941 2550 978 2572 os
1002 2557 1048 2563 --
1071 2540 1268 2574 concurrit,
1294 2538 1362 2581 vgl.
1387 2537 1440 2579 xl,
1466 2540 1495 2581 3,
1511 2540 1569 2572 56:

1281 2596 1300 2627 6
