1720 2848
123 550 178 583 116
192 551 302 583 turus
324 544 407 582 suit.

186 88 239 126 52

669 89 811 123 CAPUT
835 90 858 123 1.
883 91 903 131 ξ
930 91 1115 124 115-118.

186 205 406 256 dignusque
428 205 485 244 vir
506 206 568 244 cui
591 212 627 244 et
648 216 758 243 mens
779 204 917 242 melior
937 210 976 242 et
991 204 1064 243 vita
1085 204 1242 256 longior
1263 204 1501 256 contigisset.
1541 206 1607 246 ln-

189 261 275 301 veni
297 262 363 312 qui
384 262 443 311 fia
459 261 499 308 lx
514 274 583 309 pm
605 262 848 313 praeferrent
866 260 1060 307 omnibus⁷
1083 261 1214 300 inveni
1236 262 1301 312 qui
1321 261 1499 301 Ciceroni
1521 274 1608 302 cre-

188 317 339 364 derent,
369 330 457 358 eum
489 318 605 357 nimia
626 322 763 356 contra
796 329 836 356 se
858 316 1052 356 calumnia
1072 329 1205 356 verum
1227 318 1457 369 sauguinem
1479 319 1612 370 perdi-

189 374 309 423 disse;
332 375 397 413 sed
422 380 477 413 est
501 380 535 413 et
558 380 690 413 sancta
713 380 749 412 ot
769 373 895 424 gravis
917 373 1040 412 oratio
1061 379 1099 412 et
1121 374 1303 425 castigata
1325 382 1363 413 et
1383 377 1611 425 frequenter

189 431 399 470 vehemens
416 443 586 481 quoque.
620 430 794 469 imitator
810 435 940 468 autem
956 435 1015 468 est
1031 429 1245 469 Atticorum
1264 431 1431 482 fecitque
1449 432 1501 470 illi
1519 444 1612 483 pro-

190 494 323 538 perata
344 500 449 527 mors
470 487 663 534 iniuriam,
686 486 826 537 siquid
843 486 1065 525 adiecturus
1081 486 1166 534 sibi,
1189 500 1268 526 uon
1291 488 1322 527 si
1345 488 1437 539 quid
1458 488 1611 528 detrac-

448 543 494 582 Et
518 544 724 583 Servius
746 543 833 582 Sul
882 542 940 581 ic‘
969 555 1008 582 1s
1030 543 1224 594 insignem
1248 557 1327 583 non
1350 545 1533 583 inmerito
1555 548 1613 585 ia-

443 555 971 639 “——Tv-“L‘u

192 612 291 639 mam
323 600 447 639 tribus
477 600 644 639 orationi
676 613 720 639 us
750 599 903 638 meruit.
944 599 1076 646 Multa,
1107 599 1139 638 si
1168 612 1255 639 cum
1287 601 1429 640 iudicio
1451 602 1612 653 legatur.

191 656 296 695 dabit
317 657 532 696 imitatione
555 657 671 708 digna
706 656 841 696 Cassi
855 668 906 695 us
927 656 1162 703 Severus,
1193 657 1258 707 qui
1280 657 1312 696 si
1334 658 1473 697 ceteris
1493 659 1615 698 virtu-

190 713 294 752 tihus
316 713 487 752 colorem
516 720 553 753 et
574 714 797 765 gravitatem
828 712 1015 752 orationis
1041 713 1254 760 adiecisset,
1285 714 1492 764 ponendus
1512 715 1616 755 iuter

123 764 425 822 ltT‘praecipuos
447 771 558 809 soret.
597 770 692 809 Nam
715 776 750 808 et
773 769 921 820 ingenii
944 769 1156 820 plurimum
1179 777 1233 809 est
1252 770 1290 809 in
1309 782 1355 808 eo
1374 776 1411 809 et
1427 770 1616 811 acerbitas

192 826 301 874 mira,
324 833 361 865 et
382 827 584 866 urbanitas
605 833 640 865 et
662 839 790 866 sermo
804 838 948 878 purus;
970 826 1036 865 sed
1059 826 1146 877 plus
1161 827 1362 865 stomacho
1384 839 1497 878 quam
1520 841 1617 867 con-

193 883 277 924 silio
307 883 424 922 dedit.

481 884 683 922 Praeterea
712 890 751 922 ut
785 882 903 921 amari
932 882 1032 922 sales
1065 883 1113 921 ita
1144 884 1372 934 frequenter
1400 884 1617 923 amaritudo

126 946 179 979 115
194 940 276 990 ipsa
298 939 458 978 ridicula
480 947 549 979 est.
591 941 689 979 Sunt
711 939 772 978 alii
807 938 917 977 multi
939 939 1083 985 diserti,
1114 952 1213 990 quos
1242 940 1423 991 persequi
1454 941 1616 993 longum

164 2607 186 2643 ἆ

192 1002 260 1035 est.
299 995 447 1034 Eorum
465 1009 564 1047 quos
580 997 739 1035 viderim
763 995 792 1034 D
807 1008 828 1033 o
842 995 902 1033 mi
939 995 948 1033 i

1112 1008 1121 1021 ¹
1174 1002 1209 1035 et
1232 996 1396 1036 lulius
1417 997 1617 1037 Africa-

194 1065 284 1092 nus
306 1052 423 1104 longe
439 1053 775 1104 praestantissimi.
817 1050 1035 1090 Verborum
1053 1058 1135 1090 arte
1152 1052 1215 1091 ille
1236 1059 1275 1091 et
1291 1059 1372 1091 toto
1395 1065 1539 1103 genere
1560 1054 1616 1093 di·
1644 1091 1647 1093 .

179 1103 305 1148 ‘OEndi
329 1110 608 1160 praeferendus
638 1112 683 1148 et'
703 1120 820 1161 quem
843 1108 880 1146 in
910 1121 1076 1147 numero
1097 1114 1273 1147 veterum
1294 1109 1439 1148 habere
1462 1123 1542 1149 non
1567 1111 1619 1150 ti-

192 1178 318 1214 meas;
349 1166 410 1204 hic
432 1167 663 1205 concitatior
693 1167 760 1206 scd
783 1166 821 1204 iu
845 1176 937 1203 cura
959 1165 1171 1204 verborum
1197 1165 1340 1205 nimius
1361 1172 1400 1205 et
1421 1167 1617 1218 composi-

223 1243 440 1289 Μ.
466 1243 627 1285 Licinius,
653 1244 871 1286 Zeitgenosse

195 1288 254 1321 des
284 1288 413 1329 catius,
447 1282 615 1322 autfi‘als
639 1289 775 1322 Dichter
806 1299 872 1322 von

195 1334 320 1366 seinem
340 1333 491 1367 Freunde
509 1335 660 1368 Catullus
685 1334 872 1377 geschatzt.

242 1378 412 1412 Ciceroni.
444 1379 477 1412 S.
492 1379 615 1413 Brutus
630 1381 682 1420 82,
697 1382 780 1414 283:
806 1381 873 1412 Ac-

196 1426 357 1456 curatius
390 1425 564 1466 quoddam
590 1426 733 1457 dicendi
756 1428 790 1457 et
814 1437 874 1457 ea*-

196 1471 362 1511 quz'sitius
394 1469 577 1509 adferebat
609 1481 743 1512 ἔφηις,-
780 1471 876 1512 quod

197 1525 409 1557 quamquam
445 1518 597 1548 scienter
629 1516 877 1558 eleganterque

197 1561 392 1601 tractabat,
428 1563 577 1593 nimium
613 1564 728 1593 tamen
761 1563 877 1604 inque?-

197 1616 279 1636 rens
311 1607 347 1636 in
373 1616 409 1637 se
433 1609 538 1648 atque
568 1609 641 1648 ipsc
663 1618 734 1638 sese
763 1608 876 1638 obser-

199 1661 294 1692 vans,
318 1653 542 1694 metuensque
566 1663 608 1684 ne
626 1654 791 1683 vitiosum
808 1651 876 1684 coI-

199 1697 323 1737 Iigeret
364 1699 469 1728 etiam
507 1708 626 1728 verum
666 1698 875 1738 sanguinem

199 1741 417 1783 deperdebat.

245 1797 363 1818 verum
375 1789 596 1829 sanguinem,
609 1784 719 1820 ‘echte
733 1787 879 1820 Lebens-

200 1828 344 1864 frischc'.

245 1880 369 1909 contra
393 1888 428 1909 se
453 1878 643 1909 calumnia.
681 1877 756 1920 Vgl.
776 1879 806 1919 3,
827 1879 878 1911 10.

200 1925 231 1956 4.
258 1923 287 1955 3.

245 1970 380 2008 sancta,
404 1963 591 2001 ‘seierlich'.

247 2014 435 2054 castigata,
462 2013 629 2046 vielleicht
656 2014 844 2046 concitata.

248 2057 399 2100 fecitque
423 2059 727 2098 illi—iniuriam,
752 2058 785 2090 in
804 2058 880 2091 sehr

204 2101 503 2144 abgesehwtichter
528 2102 737 2144 Bedeutung.

244 2151 460 2190 properata,
490 2144 706 2190 ‘sriihzeitig',
737 2147 795 2180 der
820 2147 881 2180 Be-

204 2192 355 2235 deutung
381 2204 446 2226 von
464 2195 666 2225 inmaturus
684 2193 769 2226 nahe
787 2192 881 2226 kom-

205 2237 314 2271 mend.

254 2284 326 2317 116.
360 2284 502 2316 Servius
532 2283 597 2316 Sul
621 2285 670 2315 ici
695 2294 727 2323 s,
765 2282 882 2323 Rufus,

206 2328 334 2361 Konsul
355 2332 415 2362 144
429 2339 460 2361 v,
475 2322 549 2362 ΕΗΓ.
579 2314 637 2361 aer
654 2328 882 2361 bertihmteste

207 2368 483 2416 Rechtsgelehrte
516 2384 626 2407 semer
655 2373 741 2414 Zeit,
774 2373 882 2407 erhob

207 2418 260 2451 die
277 2418 518 2462 Jurisprudenz
543 2429 585 2452 zu
609 2419 701 2453 einer
720 2418 883 2452 besonde-

208 2473 264 2496 ren
292 2463 548 2497 Wissenschast.
587 2464 661 2507 vgt.
688 2467 718 2505 7,
745 2465 797 2498 30.

253 2511 392 2550 meruit,
417 2519 443 2542 s.
470 2512 490 2551 ξ
518 2511 569 2543 72,

220 2553 231 2573 ‘
257 2553 394 2586 Cassius
410 2554 569 2597 Severus,
587 2557 683 2588 unter
700 2554 883 2598 Augustus,

941 1242 1032 1275 lebte
1059 1243 1100 1276 25
1125 1242 1226 1275 Jahre
1253 1243 1283 1275 in
1309 1243 1368 1276 der
1392 1242 1620 1287 Verbanuung

942 1287 1001 1320 aus
1031 1287 1090 1320 der
1121 1288 1206 1321 lnsel
1238 1287 1398 1331 Seriphos
1431 1289 1499 1322 und
1529 1290 1622 1323 starb

942 1333 1093 1366 dasclbst
1126 1334 1167 1367 34
1199 1343 1230 1365 u.
1256 1333 1342 1375 Chr„
1374 1344 1399 1367 s.
1426 1333 1505 1368 Tac.
1532 1335 1617 1368 Anu.

942 1379 964 1416 l,
991 1380 1042 1411 72.
1068 1377 1121 1418 IV,
1149 1380 1201 1412 21.

988 1425 1151 1464 colorem,
1176 1433 1202 1463 s,
1229 1423 1249 1466 ξ
1274 1426 1326 1457 60.

992 1471 1065 1501 117.
1086 1469 1168 1511 plus
1191 1469 1375 1501 stomacho
1392 1488 1435 1492 -—
1456 1471 1561 1511 dedit,
1589 1481 1623 1504 er

945 1513 1050 1556 solgte
1069 1514 1162 1546 mehr
1179 1514 1270 1546 einer
1288 1513 1623 1549 leidenschaftlichen

946 1559 1161 1602 Eingebung,
1196 1559 1245 1592 als
1271 1559 1361 1592 einer
1387 1561 1623 1603 vernunstigen

946 1604 1141 1645 Rucksiclm
1166 1604 1234 1647 vgl.
1257 1603 1334 1637 Tac.
1354 1603 1436 1637 Dial.
1458 1607 1509 1640 26.
1547 1607 1624 1639 Pri-

945 1660 1021 1682 mus
1074 1653 1269 1691 contempto
1318 1651 1442 1682 ordine
1496 1662 1625 1691 rerum,

947 1698 1072 1727 omissa
1106 1695 1276 1727 modestia
1308 1706 1349 1727 ac
1374 1696 1514 1737 pudore
1550 1707 1625 1729 vcr-

947 1742 1089 1780 bormn,
1119 1742 1205 1782 ipsis
1231 1742 1335 1772 etiam
1360 1742 1485 1783 quibus
1509 1743 1626 1774 utitur

948 1788 1058 1817 armis
1090 1787 1342 1827 incompositus
1372 1789 1406 1818 et
1428 1787 1546 1819 studio
1573 1787 1625 1826 fe—

948 1831 1065 1863 riendi
1077 1831 1287 1873 plerumque
1306 1830 1458 1864 deiectus
1473 1842 1545 1864 non
1557 1842 1625 1875 pu-

944 1879 1037 1918 gnat
1060 1877 1124 1909 sed
1144 1878 1302 1909 rz'oeatur.

997 1922 1070 1955 118.
1097 1921 1275 1962 Domitius
1286 1919 1388 1964 Afer.
1403 1931 1464 1955 aus
1483 1921 1629 1956 Nemau-

949 1976 1017 2007 sus,
1042 1967 1222 2009 gestorben
1242 1967 1284 1999 58
1302 1976 1333 1999 n.
1349 1966 1395 1999 Ch
1457 1965 1532 2000 Von
1558 1967 1627 2000 ihm

949 2014 1025 2055 sagt
1049 2010 1162 2050 Quint.
1189 2011 1227 2051 V,
1254 2006 1284 2052 ἰ,
1303 2006 1338 2043 7:
1364 2021 1465 2053 quem
1491 2012 1628 2045 adules—

950 2058 1109 2089 centulus
1132 2067 1246 2088 senem
1279 2056 1382 2088 colui.
1419 2056 1486 2096 ΧΠ,
1514 2059 1565 2097 11,
1590 2059 1629 2091 3:

952 2102 1037 2135 Vidi
1053 2111 1116 2143 ego
1135 2101 1238 2143 longe
1254 2103 1421 2143 omnium,
1439 2112 1525 2143 quos
1541 2104 1629 2135 mihi

950 2156 1160 2189 cognoscere
1179 2148 1338 2188 contigit,
1358 2157 1530 2179 summum
1550 2158 1629 2180 ora-

950 2195 1061 2225 torem
1077 2192 1275 2224 Domz‘tium
1299 2190 1430 2230 Afrum
1455 2192 1557 2225 valde
1579 2204 1629 2225 se-

950 2247 1027 2269 nem
1051 2237 1181 2269 cotidie
1205 2237 1343 2279 aliquid
1366 2247 1412 2269 ex
1435 2247 1492 2277 ea,
1524 2248 1629 2280 quam

949 2285 1145 2322 meruerat,
1178 2283 1391 2314 auctoritate
1413 2283 1630 2325 perdentem,

953 2338 1029 2360 cum
1055 2331 1182 2369 agente
1206 2327 1286 2368 illo,
1312 2337 1411 2369 quem
1432 2329 1629 2372 principem

951 2372 1063 2412 fuisse
1087 2373 1262 2415 quondam
1288 2371 1364 2411 fori
1387 2383 1457 2405 non
1474 2377 1553 2406 erac
1568 2374 1631 2407 du-

953 2419 1058 2458 bium,
1084 2417 1159 2459 alii,
1183 2418 1281 2460 quod
1301 2417 1490 2459 indignum
1513 2419 1631 2452 videa-

954 2467 1022 2504 tur,
1046 2464 1214 2502 riderent,
1239 2463 1305 2495 alii
1327 2465 1577 2497 erubescerent.

1215 2510 1228 2539 ι·
1347 2533 1354 2548 ,
1392 2518 1451 2542 aus
1488 2508 1630 2551 Gallien,

953 2553 1070 2586 bli'ihte
1096 2556 1193 2586 unter
1211 2553 1315 2597 §gs-o.
