<?xml version="1.0" encoding="UTF-8"?>
<!DOCTYPE html PUBLIC "-//W3C//DTD XHTML 1.0 Transitional//EN"
    "http://www.w3.org/TR/xhtml1/DTD/xhtml1-transitional.dtd">
<html xmlns="http://www.w3.org/1999/xhtml" xml:lang="en" lang="en">
 <head>
  <title>
</title>
<meta http-equiv="Content-Type" content="text/html;charset=utf-8" />
  <meta name='ocr-system' content='tesseract 3.04.00' />
  <meta name='ocr-capabilities' content='ocr_page ocr_carea ocr_par ocr_line ocrx_word'/>
</head>
<body>
  <div class='ocr_page' id='page_1' title='image "./deciinstitutioni00quinuoft_0096.png"; bbox 0 0 1720 2848; ppageno 0'>
   <div class='ocr_carea' id='block_1_1' title="bbox 184 160 989 199">
    <p class='ocr_par' dir='ltr' id='par_1_1' title="bbox 184 160 989 199">
     <span class='ocr_line' id='line_1_1' title="bbox 184 160 989 199; baseline -0.004 0"><span class='ocrx_word' id='word_1_1' title='bbox 184 160 237 199; x_wconf 84' lang='lat'><strong><em>90</em></strong></span> <span class='ocrx_word' id='word_1_2' title='bbox 801 161 989 196; x_wconf 75' lang='lat' dir='ltr'>ANHANG.</span> 
     </span>
    </p>
   </div>
   <div class='ocr_carea' id='block_1_2' title="bbox 183 273 1605 453">
    <p class='ocr_par' dir='ltr' id='par_1_2' title="bbox 183 273 1605 453">
     <span class='ocr_line' id='line_1_2' title="bbox 275 273 1603 316; baseline 0.001 -8"><span class='ocrx_word' id='word_1_3' title='bbox 275 275 306 311; x_wconf 78' lang='lat'><strong><em>2,</em></strong></span> <span class='ocrx_word' id='word_1_4' title='bbox 337 277 365 308; x_wconf 79' lang='grc'><strong><em>8.</em></strong></span> <span class='ocrx_word' id='word_1_5' title='bbox 391 277 519 307; x_wconf 80' lang='lat' dir='ltr'><strong><em>mansit</em></strong></span> <span class='ocrx_word' id='word_1_6' title='bbox 543 274 689 316; x_wconf 76' lang='lat' dir='ltr'>Meister,</span> <span class='ocrx_word' id='word_1_7' title='bbox 713 276 761 307; x_wconf 75' lang='lat' dir='ltr'><strong><em>sit</em></strong></span> <span class='ocrx_word' id='word_1_8' title='bbox 785 274 837 308; x_wconf 91' lang='lat' dir='ltr'><strong><em>die</em></strong></span> <span class='ocrx_word' id='word_1_9' title='bbox 862 273 1001 308; x_wconf 84' lang='lat' dir='ltr'>Hdschr.</span> <span class='ocrx_word' id='word_1_10' title='bbox 1022 293 1061 298; x_wconf 92' lang='lat'>—</span> <span class='ocrx_word' id='word_1_11' title='bbox 1080 278 1129 306; x_wconf 83' lang='lat' dir='ltr'><strong><em>est</em></strong></span> <span class='ocrx_word' id='word_1_12' title='bbox 1146 274 1352 308; x_wconf 80' lang='lat' dir='ltr'><strong>Fleckeisen.</strong></span> <span class='ocrx_word' id='word_1_13' title='bbox 1450 277 1499 309; x_wconf 88' lang='lat'><strong><em>13.</em></strong></span> <span class='ocrx_word' id='word_1_14' title='bbox 1525 286 1603 309; x_wconf 84' lang='lat' dir='ltr'><strong><em>cum</em></strong></span> 
     </span>
     <span class='ocr_line' id='line_1_3' title="bbox 187 319 1602 362; baseline 0.003 -11"><span class='ocrx_word' id='word_1_15' title='bbox 187 323 219 352; x_wconf 81' lang='lat' dir='ltr'><strong><em>et</em></strong></span> <span class='ocrx_word' id='word_1_16' title='bbox 244 319 368 352; x_wconf 77' lang='lat' dir='ltr'><strong><em>K6111er</em></strong></span> <span class='ocrx_word' id='word_1_17' title='bbox 392 319 550 362; x_wconf 77' lang='lat' dir='ltr'><strong><em>Ausgabe</em></strong></span> <span class='ocrx_word' id='word_1_18' title='bbox 572 321 653 353; x_wconf 81' lang='lat'>1527</span> <span class='ocrx_word' id='word_1_19' title='bbox 676 338 713 343; x_wconf 90' lang='lat'><em>—</em></span> <span class='ocrx_word' id='word_1_20' title='bbox 734 322 791 360; x_wconf 84' lang='lat' dir='ltr'><strong><em>[et]</em></strong></span> <span class='ocrx_word' id='word_1_21' title='bbox 818 330 895 352; x_wconf 83' lang='lat' dir='ltr'><strong><em>cum</em></strong></span> <span class='ocrx_word' id='word_1_22' title='bbox 913 319 1018 352; x_wconf 87' lang='lat' dir='ltr'>Halm.</span> <span class='ocrx_word' id='word_1_23' title='bbox 1111 321 1157 351; x_wconf 86' lang='lat' dir='ltr'><strong><em>sit</em></strong></span> <span class='ocrx_word' id='word_1_24' title='bbox 1182 323 1254 352; x_wconf 86' lang='lat' dir='ltr'><strong><em>tum</em></strong></span> <span class='ocrx_word' id='word_1_25' title='bbox 1272 338 1314 345; x_wconf 89' lang='lat'><strong><em>—·</em></strong></span> <span class='ocrx_word' id='word_1_26' title='bbox 1332 324 1380 353; x_wconf 87' lang='lat' dir='ltr'><strong><em>est</em></strong></span> <span class='ocrx_word' id='word_1_27' title='bbox 1405 323 1479 353; x_wconf 82' lang='lat' dir='ltr'><strong><em>tum</em></strong></span> <span class='ocrx_word' id='word_1_28' title='bbox 1495 320 1602 356; x_wconf 87' lang='lat' dir='ltr'><strong>Halm.</strong></span> 
     </span>
     <span class='ocr_line' id='line_1_4' title="bbox 281 364 1605 409; baseline 0.002 -12"><span class='ocrx_word' id='word_1_29' title='bbox 281 366 332 397; x_wconf 83' lang='lat'><strong><em>17.</em></strong></span> <span class='ocrx_word' id='word_1_30' title='bbox 358 366 471 398; x_wconf 79' lang='lat' dir='ltr'><strong><em>Attici</em></strong></span> <span class='ocrx_word' id='word_1_31' title='bbox 493 368 575 397; x_wconf 82' lang='lat' dir='ltr'><strong><em>sunt</em></strong></span> <span class='ocrx_word' id='word_1_32' title='bbox 601 364 763 407; x_wconf 83' lang='lat' dir='ltr'>Spalding</span> <span class='ocrx_word' id='word_1_33' title='bbox 788 384 830 389; x_wconf 92' lang='lat'>—</span> <span class='ocrx_word' id='word_1_34' title='bbox 855 366 974 397; x_wconf 79' lang='lat' dir='ltr'><strong><em>Attici.</em></strong></span> <span class='ocrx_word' id='word_1_35' title='bbox 1088 367 1258 407; x_wconf 83' lang='lat' dir='ltr'><strong><em>praecisis</em></strong></span> <span class='ocrx_word' id='word_1_36' title='bbox 1284 365 1448 409; x_wconf 83' lang='lat' dir='ltr'>Spalding</span> <span class='ocrx_word' id='word_1_37' title='bbox 1471 385 1514 391; x_wconf 98' lang='lat'><strong>—</strong></span> <span class='ocrx_word' id='word_1_38' title='bbox 1544 369 1605 408; x_wconf 81' lang='lat' dir='ltr'><strong><em>qui</em></strong></span> 
     </span>
     <span class='ocr_line' id='line_1_5' title="bbox 183 409 1605 453; baseline 0.001 -11"><span class='ocrx_word' id='word_1_39' title='bbox 183 412 364 453; x_wconf 78' lang='lat' dir='ltr'><strong><em>praecisis.</em></strong></span> <span class='ocrx_word' id='word_1_40' title='bbox 435 412 487 444; x_wconf 87' lang='lat'><strong><em>20.</em></strong></span> <span class='ocrx_word' id='word_1_41' title='bbox 513 411 737 442; x_wconf 75' lang='lat' dir='ltr'><strong><em>instituebant</em></strong></span> <span class='ocrx_word' id='word_1_42' title='bbox 762 409 878 442; x_wconf 76' lang='lat' dir='ltr'>Bamb.</span> <span class='ocrx_word' id='word_1_43' title='bbox 904 411 933 443; x_wconf 89' lang='lat'><strong><em>2.</em></strong></span> <span class='ocrx_word' id='word_1_44' title='bbox 957 409 994 442; x_wconf 89' lang='lat' dir='ltr'><strong><em>H.</em></strong></span> <span class='ocrx_word' id='word_1_45' title='bbox 1012 429 1055 433; x_wconf 97' lang='lat'><strong>—</strong></span> <span class='ocrx_word' id='word_1_46' title='bbox 1073 411 1306 443; x_wconf 76' lang='lat' dir='ltr'><strong><em>institueram.</em></strong></span> <span class='ocrx_word' id='word_1_47' title='bbox 1378 412 1429 444; x_wconf 73' lang='lat'><strong><em>28.</em></strong></span> <span class='ocrx_word' id='word_1_48' title='bbox 1456 411 1605 444; x_wconf 86' lang='lat' dir='ltr'><strong><em>deerunt</em></strong></span> 
     </span>
    </p>
   </div>
   <div class='ocr_carea' id='block_1_3' title="bbox 183 454 1608 994">
    <p class='ocr_par' dir='ltr' id='par_1_3' title="bbox 187 454 1546 498">
     <span class='ocr_line' id='line_1_6' title="bbox 187 454 1546 498; baseline 0.001 -10"><span class='ocrx_word' id='word_1_49' title='bbox 187 455 289 488; x_wconf 84' lang='lat' dir='ltr'><strong><em>Franz</em></strong></span> <span class='ocrx_word' id='word_1_50' title='bbox 317 474 356 479; x_wconf 94' lang='lat'>—</span> <span class='ocrx_word' id='word_1_51' title='bbox 383 455 539 488; x_wconf 82' lang='lat' dir='ltr'><strong><em>deerant.</em></strong></span> <span class='ocrx_word' id='word_1_52' title='bbox 633 458 793 497; x_wconf 83' lang='lat' dir='ltr'><strong><em>oporteat</em></strong></span> <span class='ocrx_word' id='word_1_53' title='bbox 817 454 951 489; x_wconf 69' lang='lat' dir='ltr'>Manen.</span> <span class='ocrx_word' id='word_1_54' title='bbox 977 474 1021 480; x_wconf 78' lang='lat'><strong>—</strong></span> <span class='ocrx_word' id='word_1_55' title='bbox 1046 456 1228 498; x_wconf 77' lang='lat' dir='ltr'><strong><em>oportebat</em></strong></span> <span class='ocrx_word' id='word_1_56' title='bbox 1253 455 1365 489; x_wconf 89' lang='lat' dir='ltr'>Bamb.</span> <span class='ocrx_word' id='word_1_57' title='bbox 1393 467 1422 489; x_wconf 93' lang='lat' dir='ltr'><strong><em>u.</em></strong></span> <span class='ocrx_word' id='word_1_58' title='bbox 1448 455 1546 489; x_wconf 87' lang='lat' dir='ltr'><strong><em>Bern.</em></strong></span> 
     </span>
    </p>

    <p class='ocr_par' dir='ltr' id='par_1_4' title="bbox 185 500 1604 587">
     <span class='ocr_line' id='line_1_7' title="bbox 277 500 1604 543; baseline 0 -9"><span class='ocrx_word' id='word_1_59' title='bbox 277 502 306 541; x_wconf 89' lang='lat'><strong><em>3,</em></strong></span> <span class='ocrx_word' id='word_1_60' title='bbox 336 502 373 533; x_wconf 93' lang='lat'><strong><em>10</em></strong></span> <span class='ocrx_word' id='word_1_61' title='bbox 399 504 431 532; x_wconf 90' lang='lat' dir='ltr'><strong><em>et</em></strong></span> <span class='ocrx_word' id='word_1_62' title='bbox 451 500 701 542; x_wconf 72' lang='lat' dir='ltr'><em>provideamus</em></span> <span class='ocrx_word' id='word_1_63' title='bbox 724 519 767 524; x_wconf 94' lang='lat'><strong><em>—-</em></strong></span> <span class='ocrx_word' id='word_1_64' title='bbox 796 502 847 541; x_wconf 85' lang='lat' dir='ltr'><strong><em>[ut</em></strong></span> <span class='ocrx_word' id='word_1_65' title='bbox 868 501 1139 542; x_wconf 59' lang='lat' dir='ltr'><strong><em>provideamus}</em></strong></span> <span class='ocrx_word' id='word_1_66' title='bbox 1234 502 1287 533; x_wconf 89' lang='lat'><strong><em>20.</em></strong></span> <span class='ocrx_word' id='word_1_67' title='bbox 1313 503 1349 534; x_wconf 81' lang='lat' dir='ltr'><strong><em>in</em></strong></span> <span class='ocrx_word' id='word_1_68' title='bbox 1374 501 1604 543; x_wconf 82' lang='lat' dir='ltr'><strong><em>intelligendo</em></strong></span> 
     </span>
     <span class='ocr_line' id='line_1_8' title="bbox 185 544 1500 587; baseline 0.001 -9"><span class='ocrx_word' id='word_1_69' title='bbox 185 545 324 587; x_wconf 81' lang='lat' dir='ltr'>Becher,</span> <span class='ocrx_word' id='word_1_70' title='bbox 348 544 501 586; x_wconf 69' lang='lat' dir='ltr'><strong><em>muller,</em></strong></span> <span class='ocrx_word' id='word_1_71' title='bbox 526 544 696 578; x_wconf 76' lang='lat' dir='ltr'><strong><em>HJMfiller</em></strong></span> <span class='ocrx_word' id='word_1_72' title='bbox 719 564 763 569; x_wconf 92' lang='lat'>—</span> <span class='ocrx_word' id='word_1_73' title='bbox 788 547 825 578; x_wconf 86' lang='lat' dir='ltr'><strong><em>in</em></strong></span> <span class='ocrx_word' id='word_1_74' title='bbox 850 545 1008 587; x_wconf 79' lang='lat' dir='ltr'><strong><em>legendo.</em></strong></span> <span class='ocrx_word' id='word_1_75' title='bbox 1102 547 1154 579; x_wconf 89' lang='lat'><strong><em>25.</em></strong></span> <span class='ocrx_word' id='word_1_76' title='bbox 1181 549 1286 578; x_wconf 88' lang='lat' dir='ltr'><strong><em>tectos</em></strong></span> <span class='ocrx_word' id='word_1_77' title='bbox 1310 565 1352 569; x_wconf 97' lang='lat'><strong>—</strong></span> <span class='ocrx_word' id='word_1_78' title='bbox 1376 549 1500 580; x_wconf 78' lang='lat' dir='ltr'><strong><em>rectos,</em></strong></span> 
     </span>
    </p>

    <p class='ocr_par' dir='ltr' id='par_1_5' title="bbox 183 590 1605 719">
     <span class='ocr_line' id='line_1_9' title="bbox 275 590 1604 632; baseline 0.001 -8"><span class='ocrx_word' id='word_1_79' title='bbox 275 592 306 631; x_wconf 84' lang='lat'><strong><em>5,</em></strong></span> <span class='ocrx_word' id='word_1_80' title='bbox 336 592 385 624; x_wconf 88' lang='lat'><strong><em>13.</em></strong></span> <span class='ocrx_word' id='word_1_81' title='bbox 409 593 546 623; x_wconf 81' lang='lat' dir='ltr'><strong><em>rectene</em></strong></span> <span class='ocrx_word' id='word_1_82' title='bbox 569 600 649 622; x_wconf 85' lang='lat' dir='ltr'><strong><em>reus</em></strong></span> <span class='ocrx_word' id='word_1_83' title='bbox 673 592 719 622; x_wconf 87' lang='lat' dir='ltr'><strong><em>sit</em></strong></span> <span class='ocrx_word' id='word_1_84' title='bbox 736 590 831 623; x_wconf 79' lang='lat' dir='ltr'>Halm</span> <span class='ocrx_word' id='word_1_85' title='bbox 847 608 893 614; x_wconf 89' lang='lat'>—</span> <span class='ocrx_word' id='word_1_86' title='bbox 909 601 989 623; x_wconf 83' lang='lat' dir='ltr'><strong><em>reus</em></strong></span> <span class='ocrx_word' id='word_1_87' title='bbox 1012 593 1068 624; x_wconf 87' lang='lat' dir='ltr'>sit.</span> <span class='ocrx_word' id='word_1_88' title='bbox 1185 601 1405 632; x_wconf 84' lang='lat' dir='ltr'><strong><em>quaeramus,</em></strong></span> <span class='ocrx_word' id='word_1_89' title='bbox 1430 602 1476 624; x_wconf 86' lang='lat' dir='ltr'><strong><em>an</em></strong></span> <span class='ocrx_word' id='word_1_90' title='bbox 1493 590 1604 626; x_wconf 81' lang='lat' dir='ltr'><strong><em>Gertz.</em></strong></span> 
     </span>
     <span class='ocr_line' id='line_1_10' title="bbox 183 635 1605 679; baseline 0.001 -12"><span class='ocrx_word' id='word_1_91' title='bbox 183 655 227 659; x_wconf 93' lang='lat'><strong>—</strong></span> <span class='ocrx_word' id='word_1_92' title='bbox 252 645 299 667; x_wconf 84' lang='lat' dir='ltr'><strong><em>au</em></strong></span> <span class='ocrx_word' id='word_1_93' title='bbox 324 645 544 677; x_wconf 77' lang='lat' dir='ltr'><strong><em>quaeramus.</em></strong></span> <span class='ocrx_word' id='word_1_94' title='bbox 663 637 712 669; x_wconf 84' lang='lat'><strong><em>17.</em></strong></span> <span class='ocrx_word' id='word_1_95' title='bbox 739 637 904 668; x_wconf 80' lang='lat' dir='ltr'><strong><em>inanibus</em></strong></span> <span class='ocrx_word' id='word_1_96' title='bbox 927 655 970 659; x_wconf 91' lang='lat'><strong>—</strong></span> <span class='ocrx_word' id='word_1_97' title='bbox 995 636 1200 669; x_wconf 80' lang='lat' dir='ltr'><strong><em>adsuescere</em></strong></span> <span class='ocrx_word' id='word_1_98' title='bbox 1223 635 1345 679; x_wconf 81' lang='lat' dir='ltr'><strong>Zumpt</strong></span> <span class='ocrx_word' id='word_1_99' title='bbox 1368 655 1411 660; x_wconf 95' lang='lat'><strong>—</strong></span> <span class='ocrx_word' id='word_1_100' title='bbox 1441 638 1605 669; x_wconf 82' lang='lat' dir='ltr'><strong><em>inanibus</em></strong></span> 
     </span>
     <span class='ocr_line' id='line_1_11' title="bbox 183 679 1431 719; baseline 0.002 -7"><span class='ocrx_word' id='word_1_101' title='bbox 183 692 219 713; x_wconf 85' lang='lat' dir='ltr'><strong><em>se</em></strong></span> <span class='ocrx_word' id='word_1_102' title='bbox 242 699 286 704; x_wconf 97' lang='lat'><strong>—</strong></span> <span class='ocrx_word' id='word_1_103' title='bbox 312 679 540 719; x_wconf 76' lang='lat' dir='ltr'><strong><em>adsuefacere</em></strong></span> <span class='ocrx_word' id='word_1_104' title='bbox 564 680 750 714; x_wconf 83' lang='lat' dir='ltr'><strong><em>Frotscher.</em></strong></span> <span class='ocrx_word' id='word_1_105' title='bbox 844 682 897 715; x_wconf 92' lang='lat'><strong><em>21.</em></strong></span> <span class='ocrx_word' id='word_1_106' title='bbox 923 684 1038 713; x_wconf 87' lang='lat' dir='ltr'><strong><em>autem</em></strong></span> <span class='ocrx_word' id='word_1_107' title='bbox 1063 700 1105 706; x_wconf 90' lang='grc'>-</span> <span class='ocrx_word' id='word_1_108' title='bbox 1130 684 1246 714; x_wconf 80' lang='lat' dir='ltr'><strong><em>autem</em></strong></span> <span class='ocrx_word' id='word_1_109' title='bbox 1272 683 1302 714; x_wconf 72' lang='lat' dir='ltr'><strong><em>[s</em></strong></span> <span class='ocrx_word' id='word_1_110' title='bbox 1326 680 1431 714; x_wconf 86' lang='lat' dir='ltr'>Halm.</span> 
     </span>
    </p>

    <p class='ocr_par' dir='ltr' id='par_1_6' title="bbox 275 725 994 768">
     <span class='ocr_line' id='line_1_12' title="bbox 275 725 994 768; baseline 0.003 -11"><span class='ocrx_word' id='word_1_111' title='bbox 275 728 306 766; x_wconf 85' lang='lat'><strong><em>6,</em></strong></span> <span class='ocrx_word' id='word_1_112' title='bbox 333 727 350 757; x_wconf 84' lang='lat'>7</span> <span class='ocrx_word' id='word_1_113' title='bbox 378 728 554 768; x_wconf 75' lang='lat' dir='ltr'><strong><em>utrimque</em></strong></span> <span class='ocrx_word' id='word_1_114' title='bbox 577 744 621 749; x_wconf 93' lang='lat'>—</span> <span class='ocrx_word' id='word_1_115' title='bbox 647 729 834 768; x_wconf 84' lang='lat' dir='ltr'><strong><em>utcumque</em></strong></span> <span class='ocrx_word' id='word_1_116' title='bbox 859 725 994 759; x_wconf 80' lang='lat' dir='ltr'><strong><em>Gesner.</em></strong></span> 
     </span>
    </p>

    <p class='ocr_par' dir='ltr' id='par_1_7' title="bbox 185 770 1608 994">
     <span class='ocr_line' id='line_1_13' title="bbox 277 770 1607 813; baseline -0.001 -10"><span class='ocrx_word' id='word_1_117' title='bbox 277 773 306 807; x_wconf 73' lang='lat'><strong><em>7,</em></strong></span> <span class='ocrx_word' id='word_1_118' title='bbox 336 773 363 804; x_wconf 94' lang='lat'><strong><em>1.</em></strong></span> <span class='ocrx_word' id='word_1_119' title='bbox 390 773 527 804; x_wconf 81' lang='lat' dir='ltr'><strong><em>intrare</em></strong></span> <span class='ocrx_word' id='word_1_120' title='bbox 547 774 694 813; x_wconf 81' lang='lat' dir='ltr'><strong><em>portum</em></strong></span> <span class='ocrx_word' id='word_1_121' title='bbox 719 790 763 794; x_wconf 91' lang='lat'><strong>—</strong></span> <span class='ocrx_word' id='word_1_122' title='bbox 789 773 901 803; x_wconf 79' lang='lat' dir='ltr'><strong><em>instar</em></strong></span> <span class='ocrx_word' id='word_1_123' title='bbox 921 775 1048 813; x_wconf 80' lang='lat' dir='ltr'><strong><em>portus</em></strong></span> <span class='ocrx_word' id='word_1_124' title='bbox 1065 770 1195 804; x_wconf 87' lang='lat' dir='ltr'><strong><em>Meiser.</em></strong></span> <span class='ocrx_word' id='word_1_125' title='bbox 1306 773 1335 805; x_wconf 82' lang='lat'><strong><em>9.</em></strong></span> <span class='ocrx_word' id='word_1_126' title='bbox 1361 770 1607 803; x_wconf 78' lang='lat' dir='ltr'><strong><em>una—simul</em></strong></span> 
     </span>
     <span class='ocr_line' id='line_1_14' title="bbox 187 815 1605 858; baseline 0 -9"><span class='ocrx_word' id='word_1_127' title='bbox 187 816 292 851; x_wconf 86' lang='lat' dir='ltr'>Halm.</span> <span class='ocrx_word' id='word_1_128' title='bbox 391 817 438 849; x_wconf 91' lang='lat'><strong><em>13.</em></strong></span> <span class='ocrx_word' id='word_1_129' title='bbox 466 816 620 848; x_wconf 77' lang='lat' dir='ltr'><strong><em>videmus</em></strong></span> <span class='ocrx_word' id='word_1_130' title='bbox 644 818 860 858; x_wconf 71' lang='lat' dir='ltr'><strong><em>superfluere</em></strong></span> <span class='ocrx_word' id='word_1_131' title='bbox 883 815 1030 857; x_wconf 81' lang='lat' dir='ltr'><strong><em>Meister,</em></strong></span> <span class='ocrx_word' id='word_1_132' title='bbox 1057 817 1245 849; x_wconf 79' lang='lat' dir='ltr'><strong><em>videantur</em></strong></span> <span class='ocrx_word' id='word_1_133' title='bbox 1268 827 1343 858; x_wconf 77' lang='lat' dir='ltr'>sup.</span> <span class='ocrx_word' id='word_1_134' title='bbox 1371 815 1486 849; x_wconf 82' lang='lat' dir='ltr'>Bamb.</span> <span class='ocrx_word' id='word_1_135' title='bbox 1513 817 1543 850; x_wconf 86' lang='lat'><strong><em>2.</em></strong></span> <span class='ocrx_word' id='word_1_136' title='bbox 1568 815 1605 849; x_wconf 89' lang='lat' dir='ltr'><strong><em>H.</em></strong></span> 
     </span>
     <span class='ocr_line' id='line_1_15' title="bbox 186 860 1608 904; baseline 0 -11"><span class='ocrx_word' id='word_1_137' title='bbox 186 881 230 886; x_wconf 90' lang='lat'><strong>—</strong></span> <span class='ocrx_word' id='word_1_138' title='bbox 254 873 279 894; x_wconf 79' lang='lat' dir='ltr'><strong><em>s.</em></strong></span> <span class='ocrx_word' id='word_1_139' title='bbox 308 861 405 894; x_wconf 83' lang='lat' dir='ltr'><strong><em>video</em></strong></span> <span class='ocrx_word' id='word_1_140' title='bbox 431 861 484 894; x_wconf 83' lang='lat' dir='ltr'><strong><em>‹lie</em></strong></span> <span class='ocrx_word' id='word_1_141' title='bbox 509 861 598 894; x_wconf 85' lang='lat' dir='ltr'><strong><em>alten</em></strong></span> <span class='ocrx_word' id='word_1_142' title='bbox 622 860 726 904; x_wconf 76' lang='lat' dir='ltr'>Ausg.</span> <span class='ocrx_word' id='word_1_143' title='bbox 837 872 913 894; x_wconf 87' lang='lat' dir='ltr'><strong><em>cum</em></strong></span> <span class='ocrx_word' id='word_1_144' title='bbox 939 873 976 894; x_wconf 85' lang='lat' dir='ltr'><strong><em>eo</em></strong></span> <span class='ocrx_word' id='word_1_145' title='bbox 1003 862 1096 904; x_wconf 84' lang='lat' dir='ltr'><strong><em>quod</em></strong></span> <span class='ocrx_word' id='word_1_146' title='bbox 1121 861 1236 895; x_wconf 88' lang='lat' dir='ltr'>Bamb.</span> <span class='ocrx_word' id='word_1_147' title='bbox 1263 873 1294 896; x_wconf 93' lang='lat' dir='ltr'><strong><em>u.</em></strong></span> <span class='ocrx_word' id='word_1_148' title='bbox 1322 860 1418 894; x_wconf 91' lang='lat' dir='ltr'>Bern.</span> <span class='ocrx_word' id='word_1_149' title='bbox 1443 880 1487 885; x_wconf 88' lang='lat'><strong><em>—-</em></strong></span> <span class='ocrx_word' id='word_1_150' title='bbox 1513 861 1608 903; x_wconf 87' lang='lat' dir='ltr'><strong><em>quod</em></strong></span> 
     </span>
     <span class='ocr_line' id='line_1_16' title="bbox 185 906 1606 949; baseline -0.001 -10"><span class='ocrx_word' id='word_1_151' title='bbox 185 906 291 940; x_wconf 84' lang='lat' dir='ltr'>Halm.</span> <span class='ocrx_word' id='word_1_152' title='bbox 390 908 439 939; x_wconf 87' lang='lat'><strong><em>14.</em></strong></span> <span class='ocrx_word' id='word_1_153' title='bbox 465 906 553 938; x_wconf 85' lang='lat' dir='ltr'><strong><em>dicit</em></strong></span> <span class='ocrx_word' id='word_1_154' title='bbox 577 907 719 938; x_wconf 80' lang='lat' dir='ltr'><strong><em>aiebant</em></strong></span> <span class='ocrx_word' id='word_1_155' title='bbox 743 906 810 939; x_wconf 75' lang='lat' dir='ltr'><strong><em>alle</em></strong></span> <span class='ocrx_word' id='word_1_156' title='bbox 835 906 938 949; x_wconf 82' lang='lat' dir='ltr'>Ausg.</span> <span class='ocrx_word' id='word_1_157' title='bbox 964 926 1007 930; x_wconf 97' lang='lat'><strong>—</strong></span> <span class='ocrx_word' id='word_1_158' title='bbox 1033 908 1242 939; x_wconf 81' lang='lat' dir='ltr'><strong><em>dictitabant</em></strong></span> <span class='ocrx_word' id='word_1_159' title='bbox 1260 906 1357 940; x_wconf 89' lang='lat' dir='ltr'><strong><em>Bern.</em></strong></span> <span class='ocrx_word' id='word_1_160' title='bbox 1455 908 1504 940; x_wconf 79' lang='lat'><strong><em>17.</em></strong></span> <span class='ocrx_word' id='word_1_161' title='bbox 1526 916 1606 948; x_wconf 81' lang='lat' dir='ltr'><strong><em>pre-</em></strong></span> 
     </span>
     <span class='ocr_line' id='line_1_17' title="bbox 187 949 1606 994; baseline -0.001 -10"><span class='ocrx_word' id='word_1_162' title='bbox 187 954 275 984; x_wconf 87' lang='lat' dir='ltr'><strong><em>tium</em></strong></span> <span class='ocrx_word' id='word_1_163' title='bbox 299 970 343 976; x_wconf 96' lang='lat'><strong>—</strong></span> <span class='ocrx_word' id='word_1_164' title='bbox 365 953 563 994; x_wconf 84' lang='lat' dir='ltr'><strong><em>praemium</em></strong></span> <span class='ocrx_word' id='word_1_165' title='bbox 588 950 724 993; x_wconf 79' lang='lat' dir='ltr'><strong><em>Regius,</em></strong></span> <span class='ocrx_word' id='word_1_166' title='bbox 833 953 884 985; x_wconf 80' lang='lat'><strong><em>18.</em></strong></span> <span class='ocrx_word' id='word_1_167' title='bbox 904 954 1144 994; x_wconf 81' lang='lat' dir='ltr'><strong><em>praecipimus</em></strong></span> <span class='ocrx_word' id='word_1_168' title='bbox 1168 970 1211 976; x_wconf 98' lang='lat'>—</span> <span class='ocrx_word' id='word_1_169' title='bbox 1233 954 1476 994; x_wconf 77' lang='lat' dir='ltr'><strong><em>praecepe&#39;mus</em></strong></span> <span class='ocrx_word' id='word_1_170' title='bbox 1500 949 1606 984; x_wconf 85' lang='lat' dir='ltr'>Halm.</span> 
     </span>
    </p>
   </div>
   <div class='ocr_carea' id='block_1_4' title="bbox 183 995 1609 1129">
    <p class='ocr_par' dir='ltr' id='par_1_8' title="bbox 183 995 1609 1129">
     <span class='ocr_line' id='line_1_18' title="bbox 277 995 1606 1039; baseline -0.001 -9"><span class='ocrx_word' id='word_1_171' title='bbox 277 998 329 1030; x_wconf 87' lang='lat'><strong><em>20.</em></strong></span> <span class='ocrx_word' id='word_1_172' title='bbox 357 999 492 1029; x_wconf 82' lang='lat' dir='ltr'><strong><em>tantam</em></strong></span> <span class='ocrx_word' id='word_1_173' title='bbox 517 1015 560 1019; x_wconf 91' lang='lat'><strong><em>—-</em></strong></span> <span class='ocrx_word' id='word_1_174' title='bbox 587 996 686 1028; x_wconf 68' lang='lat' dir='ltr'><strong><em>velim</em></strong></span> <span class='ocrx_word' id='word_1_175' title='bbox 714 995 838 1038; x_wconf 85' lang='lat' dir='ltr'><strong><em>Regius</em></strong></span> <span class='ocrx_word' id='word_1_176' title='bbox 863 1015 907 1020; x_wconf 88' lang='lat'>—</span> <span class='ocrx_word' id='word_1_177' title='bbox 933 999 1033 1029; x_wconf 85' lang='lat' dir='ltr'><strong><em>tanta</em></strong></span> <span class='ocrx_word' id='word_1_178' title='bbox 1057 998 1103 1029; x_wconf 82' lang='lat' dir='ltr'><strong><em>sit</em></strong></span> <span class='ocrx_word' id='word_1_179' title='bbox 1129 1007 1161 1029; x_wconf 90' lang='lat' dir='ltr'><strong><em>u.</em></strong></span> <span class='ocrx_word' id='word_1_180' title='bbox 1185 995 1212 1036; x_wconf 82' lang='lat' dir='ltr'><strong><em>f.</em></strong></span> <span class='ocrx_word' id='word_1_181' title='bbox 1237 996 1263 1035; x_wconf 81' lang='lat' dir='ltr'><strong><em>f.</em></strong></span> <span class='ocrx_word' id='word_1_182' title='bbox 1289 995 1372 1039; x_wconf 86' lang='lat' dir='ltr'><strong><em>Jeep</em></strong></span> <span class='ocrx_word' id='word_1_183' title='bbox 1408 995 1474 1029; x_wconf 87' lang='lat' dir='ltr'><strong><em>und</em></strong></span> <span class='ocrx_word' id='word_1_184' title='bbox 1498 995 1606 1029; x_wconf 84' lang='lat' dir='ltr'>Halm.</span> 
     </span>
     <span class='ocr_line' id='line_1_19' title="bbox 276 1040 1609 1090; baseline -0.002 -15"><span class='ocrx_word' id='word_1_185' title='bbox 276 1043 329 1075; x_wconf 84' lang='lat'><strong><em>26.</em></strong></span> <span class='ocrx_word' id='word_1_186' title='bbox 356 1044 391 1074; x_wconf 83' lang='lat' dir='ltr'><strong><em>in</em></strong></span> <span class='ocrx_word' id='word_1_187' title='bbox 418 1042 478 1074; x_wconf 84' lang='lat' dir='ltr'><strong><em>illa</em></strong></span> <span class='ocrx_word' id='word_1_188' title='bbox 504 1040 601 1074; x_wconf 78' lang='lat' dir='ltr'><strong><em>Gerlz</em></strong></span> <span class='ocrx_word' id='word_1_189' title='bbox 627 1060 671 1064; x_wconf 97' lang='lat'><strong>—</strong></span> <span class='ocrx_word' id='word_1_190' title='bbox 696 1041 770 1074; x_wconf 85' lang='lat' dir='ltr'>illa.</span> <span class='ocrx_word' id='word_1_191' title='bbox 864 1042 916 1075; x_wconf 86' lang='lat'><strong><em>29.</em></strong></span> <span class='ocrx_word' id='word_1_192' title='bbox 942 1052 992 1090; x_wconf 63' lang='grc' dir='ltr'><strong><em>(ιη1</em></strong></span> <span class='ocrx_word' id='word_1_193' title='bbox 1012 1043 1043 1074; x_wconf 86' lang='lat' dir='ltr'><strong><em>si</em></strong></span> <span class='ocrx_word' id='word_1_194' title='bbox 1069 1041 1180 1085; x_wconf 89' lang='lat' dir='ltr'>Camp.</span> <span class='ocrx_word' id='word_1_195' title='bbox 1207 1060 1250 1065; x_wconf 89' lang='lat'>—</span> <span class='ocrx_word' id='word_1_196' title='bbox 1275 1052 1332 1074; x_wconf 82' lang='lat' dir='ltr'><strong><em>an.</em></strong></span> <span class='ocrx_word' id='word_1_197' title='bbox 1435 1042 1487 1074; x_wconf 89' lang='lat'><strong><em>32.</em></strong></span> <span class='ocrx_word' id='word_1_198' title='bbox 1514 1040 1609 1083; x_wconf 78' lang='lat' dir='ltr'><strong><em>quod</em></strong></span> 
     </span>
     <span class='ocr_line' id='line_1_20' title="bbox 183 1086 862 1129; baseline 0.001 -11"><span class='ocrx_word' id='word_1_199' title='bbox 183 1097 255 1120; x_wconf 76' lang='lat' dir='ltr'><strong><em>non</em></strong></span> <span class='ocrx_word' id='word_1_200' title='bbox 279 1088 387 1120; x_wconf 83' lang='lat' dir='ltr'><strong><em>simus</em></strong></span> <span class='ocrx_word' id='word_1_201' title='bbox 411 1086 536 1129; x_wconf 83' lang='lat' dir='ltr'><strong><em>Regius</em></strong></span> <span class='ocrx_word' id='word_1_202' title='bbox 561 1105 603 1111; x_wconf 97' lang='lat'><strong>—</strong></span> <span class='ocrx_word' id='word_1_203' title='bbox 629 1087 724 1129; x_wconf 78' lang='lat' dir='ltr'><strong><em>quod</em></strong></span> <span class='ocrx_word' id='word_1_204' title='bbox 745 1087 862 1120; x_wconf 79' lang='lat' dir='ltr'><strong><em>simus,</em></strong></span> 
     </span>
    </p>
   </div>
   <div class='ocr_carea' id='block_1_5' title="bbox 706 1594 1091 1646">
    <p class='ocr_par' dir='ltr' id='par_1_9' title="bbox 706 1594 1091 1646">
     <span class='ocr_line' id='line_1_21' title="bbox 706 1594 1091 1646; baseline -0.003 -13"><span class='ocrx_word' id='word_1_205' title='bbox 706 1594 1091 1646; x_wconf 75' lang='lat' dir='ltr'>Berichtigung.</span> 
     </span>
    </p>
   </div>
   <div class='ocr_carea' id='block_1_6' title="bbox 184 1692 1606 1783">
    <p class='ocr_par' dir='ltr' id='par_1_10' title="bbox 184 1692 1606 1783">
     <span class='ocr_line' id='line_1_22' title="bbox 278 1692 1606 1736; baseline -0.003 -7"><span class='ocrx_word' id='word_1_206' title='bbox 278 1694 310 1729; x_wconf 93' lang='lat' dir='ltr'><strong><em>S.</em></strong></span> <span class='ocrx_word' id='word_1_207' title='bbox 337 1697 356 1729; x_wconf 81' lang='grc'><strong>6</strong></span> <span class='ocrx_word' id='word_1_208' title='bbox 382 1695 416 1728; x_wconf 90' lang='grc' dir='ltr'><strong><em>Ζ.</em></strong></span> <span class='ocrx_word' id='word_1_209' title='bbox 446 1696 485 1728; x_wconf 85' lang='lat'><strong><em>10</em></strong></span> <span class='ocrx_word' id='word_1_210' title='bbox 512 1694 588 1728; x_wconf 81' lang='lat' dir='ltr'><strong><em>lies:</em></strong></span> <span class='ocrx_word' id='word_1_211' title='bbox 617 1694 668 1727; x_wconf 87' lang='lat' dir='ltr'><strong><em>die</em></strong></span> <span class='ocrx_word' id='word_1_212' title='bbox 694 1694 871 1727; x_wconf 77' lang='lat' dir='ltr'><strong><em>Halmsche</em></strong></span> <span class='ocrx_word' id='word_1_213' title='bbox 897 1693 1065 1736; x_wconf 76' lang='lat' dir='ltr'>Ausgabe.</span> <span class='ocrx_word' id='word_1_214' title='bbox 1089 1713 1125 1718; x_wconf 93' lang='lat'><strong>—</strong></span> <span class='ocrx_word' id='word_1_215' title='bbox 1155 1692 1187 1726; x_wconf 91' lang='lat' dir='ltr'><strong><em>S.</em></strong></span> <span class='ocrx_word' id='word_1_216' title='bbox 1213 1695 1254 1726; x_wconf 82' lang='lat'><strong><em>55</em></strong></span> <span class='ocrx_word' id='word_1_217' title='bbox 1281 1693 1315 1726; x_wconf 93' lang='grc' dir='ltr'><strong><em>Ζ.</em></strong></span> <span class='ocrx_word' id='word_1_218' title='bbox 1350 1694 1385 1727; x_wconf 90' lang='grc'><strong><em>13</em></strong></span> <span class='ocrx_word' id='word_1_219' title='bbox 1413 1702 1478 1727; x_wconf 78' lang='lat' dir='ltr'><strong><em>von</em></strong></span> <span class='ocrx_word' id='word_1_220' title='bbox 1504 1696 1606 1726; x_wconf 80' lang='lat' dir='ltr'><strong><em>unten</em></strong></span> 
     </span>
     <span class='ocr_line' id='line_1_23' title="bbox 184 1741 492 1783; baseline -0.003 -9"><span class='ocrx_word' id='word_1_221' title='bbox 184 1741 262 1774; x_wconf 86' lang='lat' dir='ltr'><strong><em>lies:</em></strong></span> <span class='ocrx_word' id='word_1_222' title='bbox 289 1741 492 1783; x_wconf 82' lang='lat' dir='ltr'><strong><em>derigenda.</em></strong></span> 
     </span>
    </p>
   </div>
   <div class='ocr_carea' id='block_1_7' title="bbox 544 2605 1252 2639">
    <p class='ocr_par' dir='ltr' id='par_1_11' title="bbox 544 2605 1252 2639">
     <span class='ocr_line' id='line_1_24' title="bbox 544 2605 1252 2639; baseline -0.006 -4"><span class='ocrx_word' id='word_1_223' title='bbox 544 2608 641 2635; x_wconf 74' lang='lat' dir='ltr'>Druck</span> <span class='ocrx_word' id='word_1_224' title='bbox 661 2615 716 2635; x_wconf 74' lang='lat' dir='ltr'><strong><em>von</em></strong></span> <span class='ocrx_word' id='word_1_225' title='bbox 735 2608 761 2635; x_wconf 88' lang='lat' dir='ltr'><strong><em>J.</em></strong></span> <span class='ocrx_word' id='word_1_226' title='bbox 781 2607 811 2634; x_wconf 86' lang='lat' dir='ltr'><strong><em>B.</em></strong></span> <span class='ocrx_word' id='word_1_227' title='bbox 831 2605 1054 2635; x_wconf 78' lang='lat' dir='ltr'><strong><em>Hirschfeld</em></strong></span> <span class='ocrx_word' id='word_1_228' title='bbox 1075 2605 1104 2632; x_wconf 86' lang='lat' dir='ltr'><strong><em>in</em></strong></span> <span class='ocrx_word' id='word_1_229' title='bbox 1123 2605 1252 2639; x_wconf 73' lang='lat' dir='ltr'>Leipzig.</span> 
     </span>
    </p>
   </div>
  </div>
 </body>
</html>
