1720 2848
136 438 152 469 1

189 87 239 127 70
706 89 847 122 CAPUT
872 89 926 123 w.
953 90 973 133 ς
1002 93 1098 124 1—4.

775 225 920 274 CAPUT
957 227 1023 273 lv.

536 316 809 373 QUOMODO
847 316 1262 364 EMENDANDUM.

297 431 483 481 Sequitur
512 431 821 477 emendatio,
859 442 948 480 pars
985 429 1205 468 studiorum
1239 430 1355 481 longe
1394 430 1606 470 utilissima.

184 488 318 538 Neque
349 487 454 527 enim
484 487 567 526 sine
599 498 713 525 causa
743 486 933 525 creditum
965 492 1036 533 est,
1066 485 1196 524 stilum
1227 499 1305 525 non
1336 488 1464 526 minus
1492 499 1606 538 agere

184 556 274 584 cum
295 544 408 582 delet.
451 543 575 582 Huius
605 550 732 582 autem
764 543 893 594 operis
923 548 977 581 est
1001 542 1166 589 adicere,
1197 542 1412 590 detrahere,
1444 551 1607 583 mutare.

184 600 259 639 Sed
282 600 430 639 facilius
451 600 490 638 in
514 600 559 638 iis
581 600 875 651 simpliciusque
898 599 1096 645 iudicium,
1130 611 1226 649 quae
1248 600 1434 650 replenda
1457 601 1514 639 vel
1538 601 1603 639 de-

183 657 334 695 icienda
351 663 463 705 sunt;
488 668 667 707 premere
686 668 775 695 vero
879 668 915 695 er
962 668 994 702 a,
1017 655 1172 693 humilia
1191 656 1388 703 extollere,
1408 657 1607 695 luxurian-

184 713 232 751 tia
255 713 511 764 adstringere,
534 713 753 751 inordinata
776 663 851 763 «Ὑὲ,
843 668 994 759 ‘fehe
997 712 1122 751 soluta
1155 725 1406 763 componere,
1430 713 1607 752 exultan-

182 770 232 809 tia
254 782 449 816 coercere,
473 769 638 821 duplicis
660 782 768 821 oper
759 782 814 807 ae.
854 769 950 808 Nam
976 776 1011 807 et
1042 769 1260 807 damnanda
1292 774 1384 808 sunt
1405 782 1503 820 quae
1524 770 1606 821 pla·

182 832 356 873 cuerant,
379 832 415 865 et
438 826 671 864 invenienda
692 839 789 876 quae
814 828 1006 875 fugerant.
1046 825 1125 864 Nec
1147 825 1309 864 dubium
1337 831 1395 864 est
1417 826 1608 877 optimum

182 895 265 922 esse
288 882 519 921 emendandi
548 895 684 933 genus,
713 883 743 920 si
766 883 907 933 scripta
930 882 968 920 in
992 882 1147 932 aliquod
1171 888 1324 932 tempus
1346 889 1606 934 reponantur,

181 946 220 977 ut
244 940 287 977 ad
312 952 355 977 ea
377 945 463 989 post
492 939 738 977 intervallum
766 939 867 976 velut
899 951 997 976 nova
1028 944 1143 988 atque
1173 938 1298 976 aliena
1321 940 1534 984 redeamus,
1558 952 1607 978 ne

181 995 295 1034 nobis
323 996 467 1046 scripta
500 1002 631 1034 nostra
660 1002 856 1045 tamquam
887 1001 1067 1033 recentes
1097 996 1197 1033 setus
1227 994 1488 1034 blandiantur.
1531 996 1605 1034 Sed

180 1064 309 1102 neque
350 1053 422 1090 hoc
451 1052 680 1103 contingere
707 1064 863 1102 semper
898 1058 1042 1102 potest,
1081 1051 1307 1102 praesertim
1343 1052 1508 1096 oratori,
1546 1051 1607 1090 cui

179 1109 335 1160 saepius
356 1108 528 1147 scribere
558 1110 603 1147 ad
626 1109 842 1159 praesentis
866 1120 957 1147 usus
983 1120 1143 1146 necesse
1161 1115 1236 1155 est;
1260 1114 1297 1146 et
1318 1108 1401 1159 ipsa
1424 1109 1607 1147 emenda-

181 1166 234 1204 tio
258 1166 375 1203 [inem
397 1165 549 1204 habeat.
592 1166 691 1204 Sunt
714 1165 819 1203 enim
845 1165 908 1215 qui
938 1165 984 1202 ad
1015 1164 1145 1202 omnia
1166 1164 1313 1215 scripta
1334 1171 1531 1216 tamquam
1553 1165 1607 1203 vi-

180 1222 276 1261 tiosa
300 1223 460 1260 redeant
483 1229 532 1267 et,
557 1222 665 1272 quasi
689 1222 784 1260 nihil
806 1224 862 1260 sas
883 1221 931 1260 sit
955 1227 1106 1259 rectum
1123 1233 1206 1259 esse
1225 1221 1329 1271 quod
1348 1221 1517 1272 primum
1535 1227 1605 1268 est,

179 1279 318 1317 melius
340 1279 559 1317 existiment
585 1279 770 1329 quidquid
798 1284 854 1316 est
885 1278 1000 1323 aliud,
1032 1278 1146 1327 idque
1169 1277 1323 1324 faciant,
1357 1278 1539 1328 quotiens
1561 1278 1606 1316 li-

180 1335 294 1373 brum
316 1335 354 1373 in
379 1348 517 1374 manus
539 1341 850 1386 resumpserunt,
881 1335 1024 1373 similes
1055 1334 1212 1373 medicis
1234 1334 1349 1372 etiam
1372 1334 1522 1385 integra
1546 1347 1606 1373 se-

180 1392 372 1431 cantibus.
414 1392 561 1431 Accidit
585 1392 724 1442 itaque,
749 1398 785 1429 nt
810 1391 1037 1429 cicatricosa
1062 1391 1140 1429 sint
1162 1397 1197 1429 et
1221 1390 1430 1439 exsanguia
1453 1398 1487 1429 et
1511 1403 1604 1430 cura

178 1449 323 1500 peiora.
366 1449 423 1487 Sit
444 1461 537 1499 ergo
560 1448 767 1499 aliquando
790 1448 893 1498 quod
916 1448 1062 1498 placeat
1086 1453 1150 1485 aut
1173 1453 1277 1485 certe
1301 1448 1404 1498 quod
1427 1448 1608 1495 sufficiat,

181 1511 221 1543 ut
251 1517 350 1555 opus
383 1505 501 1555 poliat
532 1505 619 1543 lima
650 1518 729 1543 non
761 1510 919 1543 exterat.

382 1561 477 1599 Nam
509 1562 610 1611 quod
650 1561 797 1599 Cinnae
827 1560 1031 1612 Zmyrnam
1070 1572 1208 1598 novem
1237 1560 1350 1599 annis
1385 1561 1606 1623 accepimus

180 1561 330 1599 modus.

641 1605 754 1624 „-

961 1503 1166 1554 Temporis
1195 1516 1352 1554 quoque
1382 1517 1464 1543 esse
1492 1504 1607 1543 debet

179 1617 376 1668 scriptam,
400 1624 437 1657 et
460 1618 613 1670 Panegy
619 1629 740 1656 ricum
763 1617 956 1663 Isocratis,
987 1617 1051 1668 qui
1076 1616 1313 1678 parcissime,
1337 1617 1470 1656 decem
1492 1617 1606 1657 annis

179 1674 315 1714 dicunt
337 1674 669 1713 elal)01atu1n·ad
693 1680 888 1713 01atore1n
906 1674 1000 1712 nihil
1017 1668 1199 1724 pertinet,
1222 1673 1333 1712 cuius
1353 1673 1502 1712 nullum
1521 1674 1606 1719 erit,

180 1731 211 1770 si
235 1736 310 1769 tam
334 1732 487 1769 tardum
511 1731 639 1771 tuerit.
662 1730 860 1769 auxilium.

230 1823 254 1853 l.
280 1819 494 1860 exultantia,
519 1829 545 1853 S.
573 1821 602 1859 2,
632 1821 682 1853 16.

225 1867 254 1897 2.
279 1864 395 1904 setar,
433 1865 587 1897 ziemlich
622 1864 748 1897 seltner
773 1865 859 1897 Aus-

178 1909 294 1943 druck.

216 1955 460 1994 blandiantur,
472 1949 557 1987 ‘sich
572 1954 855 1987 einschmeicheln

179 2000 247 2033 und
273 1996 443 2042 gesallen’.

226 2048 256 2078 3.
291 2045 396 2085 finem
433 2045 576 2085 habeat,
614 2044 688 2077 eine
728 2044 856 2077 Grenze

179 2090 301 2130 haben,
326 2089 379 2121 die
403 2090 493 2122 nicht
511 2090 754 2122 [iberschritten
773 2100 857 2122 wer-

179 2135 243 2168 den
268 2134 351 2168 dart.

224 2179 526 2221 similesffledicts,
547 2178 657 2211 dieser
676 2178 855 2221 Vergleich

180 2225 241 2258 mit
266 2225 328 2258 den
355 2225 477 2257 Arzten
510 2225 553 2257 ist
580 2224 733 2256 ziemlich
760 2234 856 2257 uner-

182 2274 313 2304 wartet.

226 2318 363 2358 itaque,
396 2314 507 2353 Quint.
534 2314 737 2347 beobachtet
763 2314 853 2347 nicht

180 2361 273 2394 mehr
310 2360 363 2393 die
395 2360 483 2393 feine
508 2359 798 2402 Unterscheidung
824 2361 856 2392 in

179 2406 236 2438 der
262 2405 418 2447 Stellung
451 2416 515 2438 von
548 2407 668 2447 itaque
697 2405 764 2437 und
790 2407 857 2446 igi-

179 2454 239 2483 tur
264 2452 328 2484 wie
354 2451 479 2483 Cicero.

225 2499 255 2530 4.
283 2496 405 2535 Cinna,
429 2496 462 2528 C.
481 2494 630 2536 Helvius,
650 2494 779 2528 Freund
797 2496 856 2527 Ca-

240 2537 629 2552 m

929 1817 1020 1857 tulls,
1048 1817 1222 1850 Verfasser
1246 1818 1338 1851 eines
1365 1819 1524 1862 epischen
1544 1819 1610 1852 Ge-

927 1863 1057 1896 dichtes
1082 1863 1243 1906 Zmyrna,
1274 1863 1334 1896 das=
1368 1864 1521 1898 verloren
1548 1875 1606 1907 ge-

927 1918 1059 1950 gangen
1085 1908 1138 1941 ist.

970 1964 1093 1986 novem
1107 1955 1223 1994 annis,
1243 1955 1306 1987 wie
1321 1954 1428 1988 Catuli
1447 1955 1481 1987 in
1496 1955 1605 1988 eiuem

926 1999 1117 2041 Epigramm
1153 2000 1222 2038 (95)
1260 2000 1303 2032 im
1340 2000 1474 2042 Ansang
1511 2002 1603 2042 sagt:

926 2044 956 2076 Z
960 2055 1084 2087 myrna
1095 2045 1163 2076 mei
1174 2044 1306 2078 Cinnae
1319 2055 1448 2077 nonam
1460 2047 1540 2087 post
1549 2045 1605 2077 de-

926 2091 1031 2131 nique
1040 2099 1191 2129 messem,
1209 2090 1320 2130 Quam
1334 2093 1456 2132 coepta
1470 2092 1530 2131 est,
1545 2100 1607 2122 no-

925 2144 1076 2175 namque
1101 2134 1195 2166 edita
1219 2138 1299 2176 post
1323 2136 1468 2168 hiemem
1494 2138 1558 2168 cet.

971 2180 1231 2221 Panegyricum
1243 2180 1420 2221 Isocratis,
1429 2180 1503 2212 eine
1515 2180 1607 2213 Fest-

926 2223 1014 2262 rede,
1040 2223 1093 2257 die
1120 2234 1180 2256 vor
1197 2224 1255 2257 der
1276 2224 1606 2268 Festversammlung

926 2270 978 2301 bei
990 2269 1052 2302 den
1068 2269 1301 2312 olympischen
1317 2269 1453 2313 Spielen
1468 2280 1607 2313 gespro-

928 2315 1012 2347 chen
1033 2314 1168 2347 worden
1188 2315 1253 2347 und
1273 2326 1334 2348 υιι5
1353 2316 1438 2348 noch
1453 2315 1604 2349 erhalten

926 2360 980 2397 ist,
1007 2360 1074 2402 vgl.
1094 2359 1181 2392 Plut.
1197 2360 1268 2394 dec.
1283 2365 1366 2394 orat.
1382 2358 1413 2393 δ.
1430 2372 1459 2403 p.
1475 2361 1604 2395 837F.:

925 2417 992 2438 '1'02‘
1009 2416 1252 2457 πανΤγυρικΟν
1274 2406 1369 2438 areat
1395 2403 1481 2438 ὃόκα
1505 2417 1604 2439 συνε-

926 2448 1057 2490 θηκεν,
1087 2448 1122 2482 οἱ
1146 2447 1185 2483 δε
1210 2447 1407 2484 δεκαπέντε
1431 2448 1603 2496 λέγουσιν.

968 2496 1184 2536 parcissime,
1210 2505 1236 2528 S.
1266 2498 1388 2535 1,101
