1720 2848
615 111 755 144 cAPU‘r
781 111 802 144 1.
829 112 848 152 ξ
873 113 993 145 9—12.
1464 111 1512 148 19

97 228 142 265 de
165 227 307 277 quibus
327 227 415 273 dixi,
437 231 529 264 sunt
549 225 688 264 alicubi
713 226 878 277 optima;
902 238 989 263 nam
1012 232 1048 264 et
1070 226 1281 264 humilibus
1298 226 1453 264 interim
1477 235 1511 265 et

98 283 319 333 vulgaribus
340 289 395 321 est
417 293 527 332 opus,
559 288 592 320 et
618 294 714 332 quae
738 282 918 321 nitidiore
950 282 988 320 in
1012 289 1120 333 parte
1142 282 1320 320 videntur
1347 283 1511 320 sordida.

98 339 162 378 ubi
186 352 246 377 res
268 339 403 389 poscit,
426 338 584 389 proprie
605 339 800 377 dicuntur.
843 338 945 377 Haec
977 345 1017 376 ut
1038 339 1206 377 sejamus
1238 345 1353 389 atque
1377 351 1512 376 eorum

99 408 176 434 non
199 395 524 446 significationem
547 395 662 433 modo
692 395 758 433 sed
781 396 925 433 formas
953 395 1065 433 cuam
1095 407 1377 445 mensurasque
1406 395 1511 433 nori-

96 464 192 498 mus,
217 458 268 497 ut,
292 450 528 501 ubicumque
546 458 661 489 erunt
682 452 818 501 posita,
841 451 1088 497 conveniant,
1113 451 1184 489 nisi
1208 451 1326 489 multa
1344 451 1512 489 lectione

94 514 209 557 atque
230 507 427 546 auditione
449 508 607 557 adsequi
632 507 737 545 nullo
761 508 875 545 modo
898 520 1119 558 possumus,
1141 520 1229 545 rum
1252 519 1408 546 omnem
1430 518 1513 545 ser-

95 575 249 602 monem
281 563 440 602 auribus
473 564 641 614 primum
673 564 919 614 accipiamus.
973 564 1137 614 Propter
1169 564 1271 614 quod
1302 564 1471 602 infantes
1493 576 1512 600 a

93 619 208 657 mutis
250 619 469 658 nutricibus
510 620 615 658 iussu
656 633 792 670 regum
835 620 873 657 in
907 620 1116 658 solitudine
1152 620 1323 665 educati,
1365 619 1511 658 etiamsi

92 674 206 714 verba
228 676 415 725 quaedam
439 676 611 714 emisisse
634 676 862 721 traduntur,
887 682 1015 713 tamen
1040 676 1224 725 loquendi
1246 676 1426 715 facultate
1449 688 1512 714 ca-

92 738 270 771 ruerunt.
314 734 412 770 Sunt
435 738 563 770 autem
586 732 655 770 alia
678 732 792 770 huius
814 738 993 778 natur-,ae
1017 737 1055 769 ut
1080 732 1180 769 idem
1204 732 1381 782 pluribus
1409 732 1512 770 voci-

92 787 163 825 bus
184 787 394 834 declarent,
417 788 464 826 ita
490 795 528 826 ut
548 788 644 826 nihil
660 788 968 838 significationis,
992 800 1068 838 quo
1088 788 1217 838 potius
1236 788 1366 833 utaris,
1390 788 1509 825 inter-

90 844 157 889 sit,
188 850 230 881 ut
253 838 392 882 ‘ensis'
430 851 465 882 et
483 837 683 893 ‘g'ladius3
694 819 779 882 Dalio
804 857 910 890 vero,
933 844 1081 882 etiamsi
1105 844 1262 894 propria
1284 856 1417 882 lerum
1439 844 1510 882 ali-

91 912 254 949 quatum
274 900 353 938 sint
375 901 553 946 nomina,
584 901 807 967 τροπικῶς
838 907 966 939 tamen
998 901 1043 939 ad
1069 901 1236 939 eundem
1269 900 1511 939 intellectum

91 951 541 1003 l'eruiitur,11t‘,'serrtlm
569 964 606 995 et
624 951 799 995 ‘’inncro
809 987 817 994 .
860 957 952 994 Nam
976 968 1048 1007 per
1068 952 1326 995 abusionem‘
1333 969 1386 995 sle
1391 968 1491 994 11105

134 1034 277 1072 1'·'nt11e71‚
302 1033 369 1074 vgl.
396 1032 435 1071 V
464 1035 515 1074 13,
541 1034 578 1066 31
610 1034 692 1065 dum
718 1034 766 1065 Io-

89 1087 166 1108 cum
189 1081 425 1119 praesentem,
453 1089 524 1110 non
551 1081 659 1110 totam
685 1089 767 1111 cau-

88 1132 162 1153 sam
186 1124 382 1154 intuentur.

879 1032 1177 1074 signi‘fificatzonm
1202 1029 1429 1065 binsichtlicli
1455 1032 1512 1065 der

836 1075 1058 1119 Bedeutung'.
1101 1078 1165 1110 Der
1181 1077 1314 1110 Genitiv
1334 1078 1386 1109 bei
1405 1079 1512 1109 inter-

835 1126 885 1154 est
922 1133 979 1155 zur
1011 1122 1251 1164 Bezeiehnung
1287 1122 1346 1154 des
1382 1122 1513 1164 Gegen-

135 1168 292 1205 interim,
327 1164 546 1200 ‘bisweilen':
585 1168 617 1199 in
656 1167 766 1200 dieser
833 1167 988 1206 standes,
1021 1168 1053 1199 in
1085 1167 1239 1200 Hinsicbt
1269 1167 1329 1200 aus
1359 1167 1511 1199 weleben

92 1210 289 1254 Bedeutnng
323 1212 374 1244 bei
401 1212 512 1250 Quint.
544 1212 635 1244 nicht
661 1222 764 1254 unge-
834 1218 941 1245 etwas
966 1222 1031 1244 von
1059 1212 1280 1254 Wicbtigkeit
1312 1212 1372 1252 ist,
1406 1211 1511 1244 findet

89 1255 268 1289 wotinlich.
833 1257 904 1290 sich
922 1257 1006 1290 auch
1028 1256 1091 1299 VII,
1105 1259 1135 1296 2,
1150 1259 1192 1290 20
1219 1260 1254 1289 sn
1277 1257 1411 1288 iudicio
1429 1268 1512 1298 quo-

833 1313 898 1343 que
923 1303 1015 1334 nihil
1040 1305 1187 1334 mter-est
1210 1304 1408 1339 actionum
1443 1301 1510 1343 vgl.

133 1302 320 1342 nitidiore,
365 1301 422 1333 der
462 1301 606 1333 sordida
647 1304 764 1334 oratio
1448 1348 1512 1379 154

87 1346 430 1388 gegennhergestellt,
444 1347 569 1379 ebenso
579 1346 657 1385 VIII,
669 1349 698 1383 3,
710 1349 762 1380 49.

135 1391 184 1423 10.
201 1390 338 1429 l'ormas
354 1410 398 1414 —
414 1402 673 1433 mensurasque,
691 1390 714 1423 F
716 1392 763 1424 le—

89 1435 209 1468 xionen
234 1435 301 1468 und
326 1435 500 1474 Quantit'aeit
525 1436 583 1469 der
608 1435 735 1469 Silben.

132 1490 209 1512 eum
245 1499 288 1504 —
324 1477 540 1522 αῗὸιῖΐιῖῆἶιῗς
573 1481 762 1523 begrfindet

833 1347 980 1380 Ellendt·
984 1347 1051 1390 Sey
1056 1347 1147 1380 lserts
1172 1347 1422 1387 Grammatik§

832 1393 1029 1479 Anq1202ziuf
1052 1438 1155 1468 verba
1181 1447 1221 1468 zu
1246 1436 1425 1473 beziehen;
1452 1435 1512 1468 das

831 1481 1090 1523 vorangebende
1137 1482 1279 1513 vocibus
1327 1480 1510 1513 erforderte

86 1525 225 1567 speziell
262 1525 322 1559 das
362 1526 621 1567 vorangehende
661 1527 762 1558 audi-

87 1571 182 1602 tione
205 1569 273 1603 und
305 1571 401 1603 leitet
433 1570 487 1603 die
520 1571 679 1614 folgende
707 1582 764 1614 ge-

85 1614 193 1647 lehrte
217 1614 316 1648 Notiz
342 1616 406 1648 ein.

130 1660 278 1702 Propter
302 1661 398 1703 quod
424 1660 493 1694 und
517 1672 625 1703 quae,
659 1661 764 1694 osters

86 1704 140 1736 bei
165 1704 277 1743 Quint.
303 1716 329 1738 s.
355 1707 375 1747 ξ
401 1707 454 1739 61.
476 1708 530 1740 66.
556 1709 586 1746 5,
601 1707 654 1739 232
680 1708 760 1747 7,6;

86 1749 178 1782 nicht
200 1750 255 1783 bei
281 1750 408 1783 Cicero.

132 1794 288 1833 infantes
318 1815 364 1819 —
399 1799 595 1828 caruerunt
628 1795 762 1827 bezieht

86 1839 157 1871 sich
183 1840 274 1872 wobl
299 1841 360 1872 mit
385 1841 518 1882 einigen
535 1840 760 1873 Abweichun-

84 1893 149 1925 gen
187 1884 247 1917 aus
278 1884 332 1918 die
368 1888 479 1926 zuerst
514 1895 581 1918 von
614 1884 763 1917 Herodot

83 1928 132 1969 (Π,
151 1930 184 1968 2)
202 1929 403 1971 mitgeteilte
420 1929 687 1972 Uberlieserung,
705 1929 766 1962 aus

87 1973 216 2016 welche
250 1973 364 2008 Weise
389 1973 626 2014 Psammefich,
653 1974 763 2017 Konig

84 2029 152 2051 von
169 2019 341 2062 Agypten,
366 2030 407 2052 zu
425 2019 578 2052 erfahren
603 2019 762 2052 versucht

86 2063 182 2104 habe,
207 2064 356 2098 welches
373 2063 464 2098 Volk
485 2064 545 2097 das
564 2064 684 2097 filieste
702 2064 761 2097 sei.

129 2111 268 2142 etiamsi
282 2128 324 2133 —
343 2113 472 2152 tamen,
486 2106 592 2142 ‘zwar
603 2128 648 2132 —
661 2106 763 2142 aber’:

85 2154 211 2187 ebenso
235 2155 256 2196 ξ
284 2157 335 2196 11,
368 2155 455 2188 doch
486 2155 548 2187 mit
573 2154 648 2188 dem
674 2153 764 2187 Kon-

79 2198 229 2239 Junktiv.

133 2246 184 2277 11.
209 2245 293 2284 alia,
320 2245 465 2278 niimlich
485 2246 599 2283 verba,
617 2245 689 2277 hier
707 2254 764 2286 ge-

85 2293 161 2329 sagt
191 2289 252 2322 mit
275 2289 390 2332 Bezug
419 2290 479 2323 auf
508 2290 603 2323 ihren
627 2289 762 2330 Begriff,

87 2332 246 2366 w'ahrend
260 2333 319 2366 das
333 2334 491 2377 solgende
508 2345 580 2367 vom
593 2334 652 2367 das
665 2333 763 2367 Wort

87 2377 197 2410 seiner
220 2377 318 2412 Form
343 2380 429 2412 nach
453 2380 667 2419 bezeichnet‚
692 2379 761 2421 vgl.

86 2422 153 2454 Cic.
180 2421 232 2455 Or.
251 2425 306 2465 49,
327 2426 390 2458 162
415 2435 536 2457 rerum
562 2426 762 2456 verborum-

85 2477 151 2508 que
174 2467 346 2500 iudicium
366 2469 580 2511 prudentiae
604 2473 671 2510 est,
704 2480 764 2501 υο-

85 2522 164 2544 cum
188 2515 305 2544 autem
337 2517 373 2545 et
399 2525 627 2547 numerorum
659 2524 764 2546 aures

83 2560 168 2588 sunt
192 2557 333 2590 iudices.

831 1538 912 1568 qua.

878 1570 1069 1616 τροπικῶς,
1084 1569 1229 1603 [1311111611
1244 1569 1347 1602 durch
1361 1569 1414 1602 die
1433 1579 1472 1612 5)·
1477 1580 1512 1601 n-

833 1603 993 1656 ecdoehe,
1013 1616 1079 1657 vgl.
1096 1615 1174 1655 VIII,
1189 1617 1219 1655 6,
1235 1617 1276 1648 20
1290 1625 1373 1647 nam
1392 1625 1511 1667 prosa,

833 1665 873 1693 at
894 1657 1117 1693 ‘mueronem'
1141 1671 1243 1702 pro„
1228 1660 1348 1692 ⁰‘ladio
1375 1663 1409 1690 ct
1429 1655 1511 1691 ‘tee-

832 1702 914 1738 tum'
936 1716 1005 1757 pro
1032 1705 1133 1738 domo
1164 1707 1325 1758 recipiet,
1357 1706 1407 1736 tta
1441 1715 1511 1736 non

829 1745 1003 1793 ‘'puppem
1031 1761 1099 1792 pro
1131 1752 1216 1782 navi
1247 1760 1308 1781 nee
1338 1745 1508 1781 ‘abietem’

831 1807 897 1837 pro
916 1796 1062 1835 tabellis,
1088 1799 1120 1827 et
1135 1805 1271 1835 tut-sus,
1296 1797 1335 1825 1ιί
1349 1804 1453 1835 pro
1438 1794 1512 1825 οἸα-

831 1841 889 1872 dio
916 1837 1093 1880 W'ferrunz,
1129 1842 1179 1870 ita
1213 1850 1285 1871 non
1315 1848 1385 1879 pro
1421 1849 1510 1879 equo

829 1880 1118 1927 <ᾳιιαιί1·ι”ριίἰ«ε>1η’.
1158 1883 1222 1915 Der
1240 1882 1321 1915 Sinn
1339 1883 1399 1915 ist:
1418 1892 1511 1915 man-

832 1928 1052 1968 che‚W61-ter
1077 1928 1151 1961 sind
1182 1939 1247 1961 von
1275 1927 1380 1960 Natus
1407 1938 1510 1970 syno-

833 1985 923 2018 nym,
949 1974 1071 2006 andere
1096 1973 1231 2006 werden
1258 1974 1290 2004 in
1317 1973 1511 2014 ubertrage-

833 2030 890 2052 ner
910 2019 1113 2060 Bedeutung
1137 2019 1238 2051 ihnen
1264 2017 1429 2050 ebensalls
1454 2027 1511 2053 sv-

832 2075 970 2107 nonym,
985 2063 1144 2096 w'ahrend
1158 2063 1206 2096 sie
1222 2064 1254 2095 In
1271 2054 1509 2104 eigentlichehi

834 2109 937 2142 Sinne
951 2112 1059 2141 etwas
1072 2118 1157 2160 ganz
1175 2108 1316 2140 anderes
1331 2107 1509 2140 bedeuten.

876 2153 1063 2194 feruntur,
1086 2150 1150 2186 sie
1175 2152 1317 2185 wenden
1349 2152 1421 2184 sich
1445 2148 1509 2184 zu‘.

881 2201 932 2232 12.
965 2198 1057 2231 Nam
1093 2198 1183 2231 ffihrt
1219 2198 1293 2230 eine
1329 2196 1509 2239 allgemein

832 2243 1004 2277 bekannte
1029 2242 1136 2276 Sache
1162 2253 1220 2282 an,
1245 2242 1313 2284 vgl.
1340 2242 1361 2284 §
1388 2243 1440 2274 23.
1467 2242 1508 2274 83

832 2289 901 2322 und
924 2289 985 2321 mit
1010 2287 1249 2330 Hinzusiigung
1277 2297 1345 2319 von
1371 2286 1509 2328 quidem

832 2335 988 2421 ἐρᾶν.
975 2379 1197 2416 abusionem,
1235 2386 1293 2408 zur
1322 2374 1511 2417 Erkl'aeirung

832 2423 926 2456 dient
950 2422 1030 2463 VIII,
1056 2423 1086 2462 6,
1113 2423 1155 2454 34
1180 2421 1232 2453 Eo
1257 2422 1372 2462 magis
1396 2430 1510 2451 neees-

831 2469 929 2500 saria
955 2467 1187 2507 catachresis,
1212 2476 1316 2507 quam
1341 2467 1434 2496 recte
1457 2465 1510 2497 di-

834 2515 944 2545 cimus
975 2513 1196 2552 abusionem,
1232 2521 1320 2552 quae
1350 2520 1422 2542 non
1450 2510 1510 2541 Iza-

835 2559 992 2589 bentibns
1022 2567 1149 2588 nomen
1181 2566 1284 2587 suum
1317 2564 1511 2587 accommo-

1193 2601 1233 2623 o*

1545 345 1581 376 10

1544 738 1579 770 11.

1546 962 1581 993 12
