1720 2848
597 121 739 154 CAPUT
764 121 812 155 111.
841 124 860 164 ς
890 125 1030 156 11-15.
1461 121 1513 160 65

96 237 293 276 actionum
319 237 493 288 partibus
516 235 764 275 insenescat?
785 236 883 275 Sunt
903 242 1031 275 autem
1051 235 1192 287 quibus
1216 237 1310 275 nihil
1332 238 1379 276 sit
1401 240 1510 287 satis;

95 295 222 332 omnia
246 301 407 338 mutare,
430 293 558 331 onmia
582 293 691 332 aliter
721 294 849 331 dicere
873 305 987 343 quam
1020 293 1192 331 occurrit
1213 293 1353 340 velint;
1385 295 1512 333 incre-

95 351 172 389 duli
204 350 356 401 quidam
388 356 422 387 et
454 349 500 387 de
531 350 690 399 ingenio
719 362 789 388 suo
822 349 989 400 pessime
1020 349 1156 395 meriti,
1188 349 1253 399 qui
1275 350 1512 400 diligentiam

96 414 234 457 putant
256 407 380 445 facere
403 405 475 444 sibi
498 405 693 444 scribendi
712 406 992 444 difficultatem.
1033 405 1113 444 Nec
1130 412 1355 456 promptum
1379 413 1433 446 est
1457 408 1513 447 di-

97 475 196 515 cere,
221 469 326 501 utros
350 474 509 512 peccare
532 462 692 500 validius
715 468 859 513 putem,
883 461 1025 512 quibus
1046 462 1177 501 omnia
1198 474 1266 500 sua
1289 462 1442 513 placent
1464 477 1511 503 an

96 519 237 569 quibus
259 518 364 556 nihil.
408 519 552 557 Accidit
585 518 688 557 enim
718 519 833 557 etiam
864 518 1078 569 ingeniosis
1100 518 1416 559 adulescentibus
1438 521 1514 559 sre-

95 582 272 626 quenter,
305 580 343 613 ut
374 575 505 613 labore
538 581 821 614 consumantur
849 581 885 613 et
917 575 954 613 in
986 574 1183 613 silentium
1208 587 1328 625 usque
1351 576 1514 616 descen·

94 631 186 669 dant
210 631 324 670 nimia
350 631 448 670 bene
470 631 623 670 dicendi
645 631 865 682 cupiditate.
908 632 991 676 Qua
1020 631 1066 669 de
1091 644 1130 670 re
1153 632 1312 670 memini
1337 644 1513 673 narrasse

93 687 184 726 mihi
217 687 355 726 lulium
418 700 462 726 e.
523 689 612 726 dum
644 687 763 734 illum,
793 687 991 738 aequalem
1023 700 1150 726 meum
1181 695 1296 738 atque
1325 701 1344 726 a
1374 701 1446 734 me,
1470 696 1509 728 ut

94 749 230 782 notum
252 750 320 790 est,
344 744 582 782 familiariter
603 749 782 790 amatum,
815 738 933 781 miFae
956 744 1156 782 facundiae
1180 744 1314 789 virum,
1337 745 1511 785 infinitae

1548 414 1582 445 12

92 807 218 838 tamen
252 812 381 846 curae,
413 801 503 851 quid
525 806 625 839 esset
646 800 718 839 sihi
739 812 759 837 a
781 806 920 851 patruo
953 812 1023 838 suo
1045 800 1202 838 dictum.
1244 800 1280 839 Is
1302 801 1373 840 fuit
1394 802 1515 843 lulius
1547 808 1581 839 13

1383 844 1518 856 ‘—

93 856 242 902 Florus,
273 857 310 895 in
342 856 562 907 eloquentia
594 856 814 903 Galliarum,
846 855 1030 907 quoniam
1061 855 1112 894 ibi
1148 857 1304 895 demum
1340 859 1514 897 exercuit

89 909 186 959 e‘a‘n’i',
210 913 405 964 princeps,
436 913 579 963 alioqui
612 913 716 951 inter
746 925 890 964 paucos
919 912 1087 951 disertus
1117 919 1154 951 et
1175 913 1317 964 dignus
1338 914 1399 953 illa
1422 927 1513 965 pro-

92 969 322 1020 pinquitate.
364 969 399 1008 Is
421 981 509 1008 cum
533 969 770 1015 Secundum,
793 968 946 1008 scholae
968 969 1092 1007 adhuc
1115 975 1330 1020 operatum,
1367 972 1513 1010 tristem

94 1026 191 1064 forte
224 1026 399 1071 vidisset,
438 1026 709 1076 interrogavit,
747 1037 845 1076 quae
875 1037 989 1064 causa
1021 1025 1161 1064 frontis
1191 1032 1266 1064 tam
1297 1026 1513 1067 adductae?

92 1082 170 1120 Nec
192 1081 446 1120 dissimulavit
466 1082 707 1129 adulescens,
738 1082 894 1121 tertium
926 1082 998 1120 iam
1030 1082 1129 1120 diem
1152 1094 1248 1128 esse,
1279 1084 1382 1133 quod
1407 1084 1514 1123 omni

93 1138 224 1177 labore
257 1139 437 1177 materiae
467 1139 512 1177 ad
546 1137 796 1177 scribendum
827 1138 1039 1177 destinatae
1072 1150 1150 1177 non
1186 1139 1377 1178 inveniret
1400 1153 1513 1179 exor-

92 1194 218 1242 dium3
243 1207 319 1245 quo
342 1195 414 1233 sihi
439 1208 517 1233 non
542 1207 728 1245 praesens
759 1201 907 1233 tantum
934 1194 1046 1232 dolor
1068 1195 1132 1234 sed
1156 1195 1270 1233 etiam
1293 1196 1512 1248 desperatio

93 1251 130 1289 in
155 1258 356 1302 posterum
380 1252 500 1290 lieret.
556 1251 654 1289 Tum
678 1251 815 1290 Florus
844 1251 1036 1297 adridens,
1069 1251 1264 1302 Numquid
1288 1259 1341 1300 tu,
1371 1253 1510 1304 inquit,

92 1308 229 1346 melius
256 1308 384 1346 dicere
406 1308 459 1347 vis
489 1320 601 1358 quam
624 1306 765 1359 potes?
802 1307 855 1346 Ita
878 1321 918 1347 se
947 1320 1008 1346 res
1030 1307 1155 1346 habet.
1200 1307 1422 1348 Curandum
1445 1316 1513 1355 est,

91 1369 131 1401 ut
159 1376 272 1414 quam
302 1364 447 1414 optime
477 1364 667 1411 dicamus;
704 1364 911 1403 dicendum
943 1370 1069 1402 tamen
1105 1376 1175 1415 pro
1207 1365 1398 1404 facultate.
1455 1367 1509 1406 Ad

91 1420 308 1470 profectum
331 1420 434 1458 enim
459 1433 556 1472 opus
585 1427 642 1459 est
663 1421 789 1459 studio
822 1433 901 1459 non
925 1420 1206 1470 indignatione.
1248 1421 1298 1460 Ut
1318 1423 1510 1473 possimus

89 1483 218 1515 autem
260 1475 432 1515 scribere
475 1477 587 1516 etiam
632 1477 742 1527 plura
787 1476 969 1523 celerius,
1013 1489 1091 1515 non
1137 1478 1359 1573 exeispfflo
1396 1479 1510 1519 modo

90 1533 312 1583 praestabit,
335 1533 372 1571 in
398 1545 471 1584 qua
493 1533 577 1572 sine
598 1533 716 1572 (lubio
735 1533 898 1572 multum
917 1539 987 1578 est,
1010 1534 1075 1572 sed
1099 1533 1214 1572 etiam
1298 1547 1353 1582 io;
1396 1536 1406 1574 i
1431 1549 1510 1575 non

135 1611 253 1642 omnia
270 1629 314 1633 —
329 1610 446 1650 velint,
463 1620 538 1643 man
557 1610 698 1643 beachte
713 1610 766 1643 die

91 1653 362 1697 Nachliissigkeit
395 1656 427 1688 in
462 1655 519 1688 der
545 1654 767 1698 Satzbildung

89 1698 194 1733 durch
227 1699 426 1742 Weglassen
464 1700 523 1734 des
557 1700 767 1744 Relativpro-

92 1754 242 1784 nomens,
268 1756 293 1777 s.
321 1744 514 1787 Einleitung
539 1745 572 1778 S.
603 1747 652 1779 13.

137 1791 189 1823 12.
216 1792 357 1822 memini
381 1801 554 1822 narrasse.
603 1790 666 1823 Der
690 1790 765 1823 Infi-

882 1612 931 1643 ibi
955 1610 1103 1651 demum,
1128 1610 1197 1664 vgl.
1223 1612 1252 1652 2,
1279 1613 1309 1644 8.

882 1657 974 1688 intet-
996 1665 1139 1698 paucos,
1179 1655 1242 1688 wie
1268 1654 1429 1700 wenige’,
1456 1668 1513 1691 zur

835 1700 1101 1743 Hervorhebung
1149 1701 1242 1734 einer
1282 1701 1511 1745 Eigenschaft,

835 1746 966 1778 scheint
1005 1756 1065 1778 nur
1091 1745 1148 1778 der
1174 1746 1511 1781 nachciceronischen

835 1790 993 1823 Latinit'at
1034 1791 1293 1833 eigentumlich:
1334 1793 1402 1834 vgl.
1444 1793 1512 1826 Liv.

92 1834 173 1866 nitiv
199 1833 257 1867 des
275 1834 418 1867 Prinsens
444 1845 501 1868 zur
526 1835 765 1877 Bezeichnung
834 1835 905 1875 XX,
927 1837 943 1867 7
970 1837 1064 1867 inter
1086 1846 1220 1877 paucas
1236 1840 1429 1870 memorata
1449 1849 1513 1880 po·

90 1890 156 1912 von
175 1877 388 1913 Thatsachen
407 1880 465 1913 der
483 1879 763 1922 Vergangenheit,

90 1924 143 1957 die
161 1934 238 1957 man
257 1925 364 1958 selbst
378 1925 547 1958 miterlebt
565 1925 631 1958 und
647 1925 765 1959 durch-

90 1969 246 2012 gemacht
272 1970 340 2011 hat,
366 1969 471 2003 findet
488 1970 558 2003 sich
581 1970 633 2003 bei
652 1970 763 2009 Quint.

92 2015 193 2047 nicht.

135 2059 266 2092 Iulium
290 2059 489 2093 Secundum
505 2086 514 2102 ,
536 2061 605 2103 vgl.
636 2063 662 2098 1,
692 2062 764 2094 120.

137 2106 187 2138 13.
206 2105 318 2137 Julius
334 2105 476 2147 Flofflcg,
500 2105 565 2138 viel
605 2106 611 2112 '
638 2106 673 2138 ht
693 2105 762 2139 der-

91 2149 202 2190 selbe,
235 2159 275 2182 an
312 2150 463 2183 welchen
496 2106 698 2195 Horffien
733 2153 762 2184 3.

92 2193 182 2228 Bries
193 2194 252 2227 des
271 2198 297 2228 l.
312 2194 444 2229 Buches
461 2196 681 2238 geschrieben
697 2196 763 2229 hat.

134 2241 172 2271 in
197 2240 406 2282 eloquentia,
433 2241 525 2274 nicht
550 2241 626 2274 sehr
650 2241 764 2274 iiblich

90 2287 172 2317 statt
195 2284 254 2318 des
279 2285 442 2319 Genitivs.

139 2328 344 2363 Galliarum.
373 2331 407 2363 In
426 2330 554 2364 Gallien
572 2331 690 2365 blfihte
707 2342 765 2365 zur

91 2372 276 2407 Kaiserzeit
291 2375 345 2409 die
363 2375 573 2414 Redekunst;
600 2376 676 2410 dort
693 2386 766 2409 ver-

90 2418 269 2452 anstaltete
305 2431 345 2453 zu
381 2420 578 2464 Lugdunum
613 2422 763 2464 Caligula

91 2463 188 2496 einen
215 2463 427 2510 Wettkamps
449 2467 506 2500 der
531 2467 762 2510 griechischen

90 2507 384 2586 Enplateinischen
396 2510 658 2546 Beredsamkeit.
669 2512 761 2546 Suet.

116 2564 132 2586 a
153 2578 158 2583 .
185 2555 237 2587 20.

158 2616 281 2647 Quintil.
297 2615 370 2642 Inst.
383 2618 456 2643 orat.
468 2617 531 2643 Lib.
546 2618 577 2643 X.
599 2619 622 2644 5.
637 2617 708 2643 Aufl.

830 1881 910 1922 puli
926 1879 1078 1912 Romani
1091 1881 1219 1919 clades;
1235 1881 1360 1915 ebenso
1375 1885 1411 1915 in
1424 1893 1512 1925 pan-

835 1928 884 1956 εἰς
911 1925 999 1959 Curt.
1027 1924 1082 1966 1V,
1108 1927 1139 1967 8,
1166 1928 1194 1958 7.
1223 1925 1274 1965 Vl,
1301 1929 1332 1968 8,
1359 1930 1388 1961 2.

881 1970 942 2003 illa
981 1973 1270 2013 propinquitate,
1312 1972 1511 2007 bezeichnet

835 2015 926 2049 wohl
961 2015 1014 2048 die
1053 2016 1206 2049 intimere
1243 2016 1437 2061 Beziehung
1469 2029 1510 2052 zu

835 2060 898 2093 den
925 2060 1109 2102 gallischen
1142 2061 1309 2097 Rednern.

880 2109 1081 2148 operatum,
1120 2107 1171 2139 ein
1210 2108 1396 2149 gewahlter
1426 2108 1511 2142 Aus-

834 2150 949 2191 druck,
968 2150 1151 2184 besonders
1169 2152 1223 2184 bei
1242 2153 1387 2196 heiligen
1402 2153 1511 2186 Hand-

834 2196 956 2238 lungen
984 2196 1233 2239 gebrauchlich,
1260 2198 1327 2241 vgl.
1353 2202 1384 2240 5,
1413 2201 1464 2232 11.

883 2243 932 2275 14.
959 2242 1054 2283 quod
1075 2261 1119 2265 —
1143 2244 1328 2284 inveniret,
1359 2248 1441 2276 statt
1466 2255 1511 2276 ea:

834 2297 922 2328 quo,
948 2287 1012 2320 wie
1040 2287 1100 2318 wir
1125 2288 1208 2320 auch
1236 2298 1338 2331 sagen
1363 2286 1448 2322 ‘dass
1475 2299 1510 2322 er

834 2331 926 2364 nicht
951 2330 1062 2364 finden
1091 2329 1224 2365 konne’.

880 2378 976 2408 omni
992 2377 1121 2417 labore,
1134 2371 1210 2409 ‘bei'
1227 2376 1307 2410 oder
1319 2374 1416 2411 ‘trotz
1428 2377 1510 2411 aller

834 2417 957 2454 Mfihe‘.

884 2469 932 2499 15.
959 2467 996 2498 in
1020 2476 1088 2508 qua
1107 2485 1149 2489 —
1166 2466 1315 2499 mullum
1333 2471 1390 2510 est,
1414 2464 1509 2502 ‘wel-

833 2511 894 2544 che
919 2520 986 2543 von
1011 2510 1140 2553 grosser
1166 2510 1363 2555 Bedeutung
1388 2509 1453 2547 ist’.

877 2558 983 2597 ratio,
996 2552 1316 2600 ‘die(verns1nftige)
1330 2557 1510 2594 Methode'.

1220 2616 1238 2647 5

1546 1090 1581 1121 14

1547 1315 1581 1347 15
