1720 2848
8 623 63 692 ³)

198 111 251 148 26
705 113 847 146 CAPUT
873 113 895 145 l.
920 115 939 155 ξ
965 116 1108 147 33-3ῖ,

199 229 359 268 metrius
381 229 590 267 l‘lialereus
619 227 820 266 dicebatur
841 229 918 275 uti,
950 235 1092 267 vestem
1117 229 1217 267 bene
1243 230 1286 267 ad
1312 230 1505 270 sorensem
1529 231 1615 281 pul-

129 292 166 324 34
196 298 323 324 verem
347 287 484 323 facere.
529 284 592 322 Est
626 290 660 322 et
684 284 780 321 alius
802 296 846 321 ex
870 284 1040 323 historiis
1073 297 1166 324 usus
1196 293 1233 324 et
1265 287 1296 323 is
1318 286 1473 335 quidem
1497 287 1616 325 maxi-

200 355 286 381 mus
314 342 380 380 sed
415 354 493 379 non
526 341 570 378 ad
610 346 854 391 praesentem
892 341 1095 390 pertinens
1125 342 1273 386 locum,
1310 354 1355 379 ex
1392 343 1617 392 cognitione

202 410 330 437 rerum
349 397 707 448 exemplorumque,
730 396 872 446 quibus
889 397 1068 447 inprimis
1085 397 1299 437 instructus
1309 411 1394 436 esse
1407 398 1523 437 debet
1533 411 1618 437 ora-

201 462 280 499 tor,
313 467 360 492 ne
382 453 509 491 omnia
534 453 754 490 testimonia
777 459 956 503 expectet
985 465 1005 489 a
1028 453 1240 503 litigatore;
1271 455 1336 493 sed
1366 455 1552 505 pleraque
1574 467 1618 493 ex

200 517 386 549 vetustate
409 510 615 560 diligenter
643 508 714 547 sibi
737 509 891 558 cognita
914 516 1060 554 sumat,
1083 509 1157 548 linc.
1179 511 1417 561 potentiora,
1451 512 1553 561 quod
1577 523 1618 549 ea

200 567 278 605 sola
303 566 532 604 criminibus
554 565 628 603 odii
653 571 685 603 et
709 565 853 615 gratiae
876 572 1020 603 vacant.

312 624 341 660 A
366 622 689 676 philosophorum
721 634 812 659 vero
843 621 1009 660 lectione
1043 628 1084 659 ut
1105 629 1235 660 essent
1267 623 1385 661 multa
1419 624 1532 663 nobis
1553 636 1620 674 pe-

203 679 334 725 tenda,
366 678 455 717 vitio
486 680 628 716 sactum
660 684 717 717 est
749 684 966 724 oratorum,
1004 678 1069 728 qui
1099 679 1254 728 quidem
1286 679 1358 717 illis
1387 680 1533 730 optima
1563 680 1623 719 sui

201 736 332 786 operis
353 741 461 786 parte
484 740 697 773 cesserunt.
741 734 833 772 Nam
858 741 895 772 et
917 734 962 772 de
984 734 1117 779 iustis,
1150 735 1344 778 honestis,
1377 735 1537 775 utilibus
1558 736 1622 774 iis-

202 804 289 842 que,
314 803 411 842 quae
434 791 512 829 sint
533 791 615 829 istis
637 791 852 835 contraria,
876 797 911 829 et
933 792 979 828 de
1003 791 1120 829 rebus
1143 791 1282 829 divinis
1304 792 1467 830 maxime
1489 792 1620 831 dicunt

202 855 236 886 et
259 853 588 897 argumentantur
609 847 751 885 acriter
773 846 909 895 8:919ss
942 853 975 885 et
1008 847 1328 886 altercationibus
1356 854 1473 898 atque
1502 848 1623 887 inter-

132 911 170 943 36
202 904 471 955 rogationibus
488 904 872 941 oratorcmfuttirum
897 903 1041 954 optime
1060 903 1246 942 Socratici
1264 910 1511 954 praeparant.
1549 904 1623 943 Sed

202 961 261 998 his
283 972 440 1010 quoque
462 959 726 997 adhibendum
749 965 806 997 est
827 960 951 997 simile
974 959 1169 1004 indictum,
1193 967 1230 997 ut
1257 960 1368 998 etiam
1391 973 1479 999 cum
1502 961 1539 999 in
1564 973 1625 999 re-

204 1017 275 1055 bus
297 1028 497 1055 versemur
517 1016 650 1061 isdem,
678 1028 755 1053 non
781 1021 909 1053 tamen
934 1016 1097 1053 eandem
1118 1028 1202 1054 esse
1233 1017 1506 1123 mndi‘jssfom
1528 1017 1625 1055 scia-

1386 1085 1405 1111 e
1421 1085 1434 1111 3
1455 1085 1476 1110 o

202 1085 288 1111 mus
310 1073 433 1110 litium
457 1084 499 1110 ac
522 1071 850 1122 disputationum,
883 1072 955 1109 fori
978 1078 1015 1110 et.
1036 1072 1235 1117 auditorii,
1265 1058 1386 1122 praed

204 1129 480 1179 periculorum.

1480 1085 1566 1111 rum
1590 1080 1623 1111 θῙ

316 1185 441 1223 Credo
475 1190 679 1223 exacturos
711 1184 940 1234 plerosque,
973 1196 1061 1222 eum
1096 1190 1246 1222 tantum
1274 1196 1357 1223 esse
1387 1184 1562 1223 utilitatis
1588 1185 1625 1223 in

204 1242 369 1292 legendo
391 1241 628 1283 iudieenms,
660 1247 699 1279 ut
724 1241 758 1278 id
783 1252 940 1290 quoque
963 1240 1221 1289 adiungamus
1243 1241 1364 1292 operi,
1393 1241 1457 1291 qui
1479 1241 1555 1279 sint
1578 1241 1628 1279 Ie-

202 1299 315 1349 gemli
333 1305 365 1336 et
388 1309 485 1348 quae
507 1297 546 1335 in
569 1303 728 1335 auctore
751 1308 908 1347 quoque
939 1297 1148 1348 praecipua
1171 1297 1304 1335 virtus.
1349 1296 1423 1335 Sed
1445 1298 1627 1348 persequi

206 1420 322 1451 lucida
360 1422 392 1450 ot
431 1419 623 1450 versicolor
659 1419 882 1460 quot-mulam

207 1465 368 1505 elocutio,
395 1464 479 1496 doch
506 1464 549 1495 ist
575 1463 788 1503 unbekannt,
815 1474 883 1495 wer

204 1509 296 1543 diese
329 1509 443 1541 kiilme
469 1508 643 1550 Metapher
675 1518 739 1540 von
766 1508 882 1541 Deme·

207 1555 289 1587 trius
314 1554 497 1597 gebraucbt
525 1554 593 1587 hat.
635 1554 700 1586 Cic.
727 1553 767 1586 de
793 1554 881 1596 legg.

204 1600 252 1639 lll,
276 1603 305 1638 (5,
329 1602 367 1632 14
393 1604 468 1641 sagt
494 1609 559 1631 von
586 1599 669 1631 ilim:
696 1599 883 1630 Phalereus

206 1645 263 1676 ille
288 1645 486 1676 Demetrius
504 1664 546 1667 ——
565 1644 779 1676 mirabilltet·
804 1644 883 1676 [lac-

205 1691 335 1722 tm‘nam
362 1702 406 1721 tac
430 1689 644 1721 umbraculis
661 1689 882 1720 eruditorum

206 1737 346 1777 otioque
371 1745 438 1765 uon
466 1734 565 1766 niodo
592 1736 628 1765 ln
653 1734 757 1765 solem
779 1737 884 1775 atquc

207 1782 245 1812 ln
264 1781 459 1822 pulverem,
483 1780 543 1811 sed
566 1781 602 1810 1¹11v
629 1781 743 1820 ipsum
761 1779 884 1811 (liseri-

207 1835 284 1857 men
308 1827 488 1865 aciemque
507 1825 695 1865 protharsi.

253 1870 448 1910 dicebatur,
473 1880 512 1902 zu
539 1870 648 1901 scinci·
674 1869 755 1902 Zeit.

253 1917 306 1948 34.
340 1915 515 1954 hisloi-iis,
552 1914 610 1947 der
641 1914 798 1956 Singular
830 1914 885 1946 be-

209 1960 362 1992 zeichnet
396 1959 609 2001 gewolinlich
643 1959 695 1991 die
726 1959 884 2000 Gattung,

209 2004 266 2037 der
292 2004 401 2036 Plural
429 2005 487 2037 das
513 2003 819 2037 Gescbiclitswerk.

253 2059 321 2081 71071
349 2049 460 2080 acl‘*
488 2049 617 2089 locum,
652 2049 723 2081 hier
750 2048 886 2081 liandelt

209 2104 244 2127 es
262 2093 332 2126 sich
358 2104 413 2126 um
439 2093 501 2125 den
520 2093 651 2126 Nutzen
671 2093 722 2125 sur
739 2093 792 2126 die
811 2093 888 2125 Dar-

208 2139 366 2180 stellung,
381 2139 500 2171 anders
515 2138 581 2179 ΧΠ,
596 2141 613 2171 4
630 2138 697 2170 und
713 2137 750 2178 V,
768 2141 818 2178 11,
835 2141 887 2171 36.

254 2196 274 2216 a
306 2185 486 2225 litigatore
517 2194 582 2216 von
609 2183 704 2223 dem,
737 2183 795 2216 der
824 2183 887 2215 den

209 2228 346 2262 Prozess
377 2228 486 2267 stibrt,
521 2227 588 2269 vgl.
615 2227 649 2261 ll.
677 2230 730 2268 21,
759 2230 808 2261 16.
834 2227 888 2267 IV,

257 2322 308 2352 35.
336 2320 421 2350 vitio
444 2338 483 2341 —
510 2320 704 2357 oratorum,
731 2316 887 2350 dasselbe

211 2365 253 2397 ist
269 2364 352 2397 auch
363 2362 592 2403 l,Pr00e1u.13
603 2363 886 2405 ausgesproclien.

257 2410 380 2449 Stoici,
404 2408 471 2451 vgl.
496 2409 589 2448 1‚84.
615 2407 681 2448 XH,
699 2409 728 2447 2,
743 2408 784 2441 25
810 2408 887 2440 nul-

212 2457 261 2486 los
291 2457 354 2486 aut
381 2455 535 2495 probas-e
567 2455 687 2485 acre'us
719 2455 780 2484 aut
809 2463 888 2485 eon-

213 2499 351 2530 eludere
373 2499 538 2530 subtilius
562 2498 789 2531 contendunt.

258 2544 558 2576 altercationibus.
614 2543 809 2575 Alter-catio
847 2543 887 2575 ist

952 1418 1005 1450 die
1041 1417 1260 1460 gericlitliclie
1299 1417 1510 1460 Disputation
1549 1419 1630 1451 zwi-

951 1463 1053 1496 sclien
1076 1462 1138 1495 den
1158 1463 1361 1495 streitenden
1381 1462 1546 1502 Parteien,
1573 1463 1630 1497 der

951 1510 1121 1540 continua
1158 1510 1274 1539 oratio
1316 1512 1629 1550 entgegengesetzt.

951 1553 1062 1591 Quint.
1090 1552 1227 1585 bandelt
1251 1553 1394 1586 dartiber
1423 1553 1629 1587 ausstihrlich

952 1598 1005 1637 Vl,
1023 1600 1042 1630 4
1068 1597 1134 1630 und
1162 1602 1264 1630 neunt
1283 1598 1330 1630 sie
1356 1601 1451 1631 actio
1469 1600 1583 1631 brevis
1599 1602 1632 1631 et

953 1645 1092 1675 concisa
1126 1643 1169 1675 im
1203 1642 1411 1685 Gegensatze
1443 1654 1502 1676 zur
1538 1646 1631 1676 actio

949 1691 1131 1730 perpetua.

1000 1734 1182 1765 Socratici.
1232 1732 1371 1765 Hiermit
1388 1732 1460 1765 sind
1481 1732 1632 1766 oss'enbar

954 1778 1007 1810 die
1033 1777 1117 1810 ancli
1144 1787 1205 1809 uns
1237 1787 1310 1809 zum
1337 1777 1411 1810 Teil
1437 1778 1630 1811 erlialtenen

955 1822 1123 1865 §cbristen
1169 1822 1226 1855 des
1269 1822 1384 1861 Plato,
1434 1822 1632 1865 Xenophon,

954 1868 1131 1908 Ascfflnes,
1149 1867 1310 1900 Sokrates
1325 1868 1484 1909 gemeint,
1504 1867 1632 1909 v,7,28

956 1915 993 1945 in
1007 1914 1133 1955 quibas
1147 1913 1205 1951 (sc.
1221 1912 1365 1954 dialogis
1374 1912 1633 1954 Socraticorum)

955 1959 1042 1990 adeo
1074 1960 1183 1990 seltae
1211 1961 1293 1989 sunt
1326 1959 1634 1999 interrogationes,

956 2007 1004 2044 ut,
1029 2013 1107 2034 cum
1129 2002 1306 2044 plerisque
1323 2004 1407 2034 bene
1423 2003 1632 2043 respondea-

956 2051 1024 2086 tur,
1051 2058 1106 2078 res
1124 2051 1238 2079 tamen
1261 2047 1309 2079 ad
1324 2047 1370 2088 id,
1395 2047 1489 2088 quod
1513 2047 1634 2079 volunt

955 2092 1107 2132 efficere,
1127 2094 1319 2133 pei-veniat.

1003 2138 1054 2169 36.
1081 2139 1128 2175 ut,
1148 2137 1241 2169 leitet
1266 2137 1340 2169 eine
1360 2135 1549 2178 Folgerung
1567 2137 1631 2175 ein,

958 2181 1082 2214 sodass.

1001 2229 1271 2268 praeceptorum
1313 2228 1345 2257 et
1382 2225 1633 2267 periculorum.

957 2272 1002 2304 lm
1029 2271 1217 2313 Gegensatz
1249 2281 1287 2303 zu
1319 2270 1382 2303 den
1416 2270 1536 2303 beiden
1561 2281 1636 2304 vor-

957 2315 1177 2357 angehenden
1211 2315 1366 2348 Gliedern
1399 2315 1444 2348 ist
1475 2315 1545 2347 hier
1576 2315 1635 2348 das

959 2361 1163 2402 Wicbtigere
1200 2371 1240 2393 an
1277 2359 1331 2392 die
1363 2362 1392 2393 2.
1426 2359 1532 2393 Stelle
1569 2359 1636 2393 und

958 2407 1059 2439 son-iit
1084 2416 1123 2438 an
1150 2405 1213 2438 den
1241 2404 1375 2438 Scliluss
1401 2405 1548 2447 gestellt.

1002 2450 1161 2493 pericula
1216 2450 1374 2482 bedeutet
1428 2449 1636 2493 gesalirvolle

960 2495 1220 2535 Rechtsliiindeh
1240 2495 1292 2527 bei
1312 2495 1418 2528 denen
1438 2505 1474 2528 es
1491 2494 1562 2528 sich
1581 2504 1635 2527 um

959 2541 1070 2574 Leben
1097 2539 1162 2573 und
1190 2539 1378 2582 Vermogen
1406 2539 1552 2573 handelt.
