1720 2848
94 452 132 484 20

165 104 218 142 76
663 109 804 142 CAPUT
831 109 869 143 v,
895 111 914 152 ξ
943 112 1083 144 19—21.

163 222 378 273 acceperit3
401 224 505 274 quod
531 236 609 261 non
633 230 687 262 est
711 224 852 262 infiniti
876 225 1020 275 operiS,
1042 225 1072 263 si
1089 226 1228 264 docere
1245 226 1368 265 sciant
1391 234 1428 264 et
1451 227 1588 275 velint;

164 279 483 318 exercitationem
506 292 663 330 quoque
686 280 875 319 modicam
898 281 1015 319 suerit
1030 289 1277 329 consecutus,
1301 289 1494 322 oratorem
1516 283 1589 322 sibi

163 334 346 386 aliquem,
380 337 482 386 quod
513 337 614 386 apud
646 336 813 375 maiores
842 337 924 376 lieri
947 337 1108 384 solebat,
1134 339 1288 387 deligat,
1311 351 1426 389 quem
1448 352 1588 390 sequa-

163 397 239 439 tur,
262 404 378 443 quem
400 393 593 440 imitetur;
623 392 773 431 iudiciis
802 393 955 432 intersit
986 406 1100 444 quam
1125 395 1299 445 plurimis
1329 402 1367 434 et
1395 396 1445 435 sit
1464 403 1588 436 certa-

163 448 292 495 minis,
326 449 388 487 cui
411 449 640 493 destinatur,
672 450 860 499 frequens
889 456 1097 501 spectator.
1140 452 1237 490 Tum
1268 464 1403 491 causas
1426 453 1482 491 vel
1505 465 1587 492 eas-

163 505 263 551 dem,
295 518 391 556 quas
420 506 479 556 agi
508 506 685 552 audierit,
715 506 802 544 stilo
833 514 872 546 et
900 507 982 557 ipse
1013 515 1237 558 componat,
1266 509 1324 547 vel
1352 510 1466 548 etiam
1497 510 1589 549 alias

162 573 271 601 veras
300 562 388 599 mod
446 569 484 600 et
515 563 710 612 utrimque
743 568 877 602 tractet
910 570 959 609 et,
990 564 1093 614 quod
1126 565 1164 602 in
1195 565 1470 615 gladiatoribus
1506 567 1588 605 lieri

162 618 349 663 videmus,
379 575 607 657 «ms
638 628 878 665 exerceatur,
913 627 953 658 ut
983 621 1119 659 secisse
1142 621 1305 660 Brutum
1329 622 1494 661 ‹lix-imus
1517 635 1588 674 pro

162 674 318 713 Milone.
376 675 511 714 Melius
541 676 613 714 hoc
641 688 755 726 quam
788 676 1003 715 rescribere
1035 677 1231 717 veteribus
1263 679 1516 726 orationibus,
1548 687 1589 718 ut

163 731 253 769 fec-it
275 731 425 770 Cestius
447 739 584 771 contra
608 732 807 771 Ciceronis
829 733 1022 772 actionem
1041 734 1207 772 habitam
1232 747 1303 785 pro
1326 736 1476 780 eodem,
1499 748 1588 775 cum

161 787 321 826 alteram
344 795 494 839 partem
517 789 609 827 satis
633 802 747 827 nosse
771 803 849 828 nou
873 797 1005 841 posset
1026 803 1071 828 ex
1094 792 1173 829 sola
1194 791 1436 830 defensioue.

275 844 396 883 Citius
413 852 541 883 autem
560 845 725 884 idoneus
743 847 815 884 erit
836 847 998 889 iuvenis,
1022 860 1136 898 quem
1162 856 1394 899 praeceptor
1417 849 1583 899 coegerit

160 900 198 939 in
223 901 475 939 declamando
499 914 612 952 quam
637 902 874 941 simillimum
897 916 981 942 esse
1003 904 1153 942 veritati
1176 911 1211 942 et
1230 917 1300 955 per
1318 911 1416 943 totas
1433 905 1488 943 ire
1506 917 1587 943 ma-

160 958 289 1002 terias,
321 970 484 1008 quarum
519 970 625 996 nuuc
658 959 835 997 facillima
867 966 905 997 et
925 960 1089 998 maxime
1112 961 1332 999 favorabilia
1356 962 1586 1012 decerpunt.

161 1012 326 1053 Obstant
349 1014 452 1060 huic,
475 1014 580 1064 quod
602 1016 776 1053 secundo
799 1016 885 1054 loco
909 1016 1034 1067 posui,
1067 1018 1148 1055 sere
1169 1017 1282 1055 turba
1304 1018 1585 1068 discipulorum

159 1076 197 1108 et
213 1070 456 1109 consuetudo
474 1071 653 1109 classium
671 1072 787 1110 certis
804 1072 941 1111 diebus
956 1073 1252 1119 audiendarum,
1272 1074 1451 1112 nonnihil
1472 1074 1586 1112 etiam

159 1193 372 1234 impetravit,
395 1195 434 1224 ut
450 1193 623 1224 indicium
641 1204 686 1225 ea:
701 1193 784 1232 foro
802 1196 839 1226 in

159 1237 341 1269 basilicam
366 1237 635 1276 transferretur.

208 1284 258 1315 19.
285 1283 586 1325 quod—solebat,
611 1294 638 1316 s,
657 1282 735 1316 Tac.
754 1283 838 1317 Dial.

159 1329 218 1360 34:
257 1328 356 1369 Ergo
393 1328 490 1370 apud
520 1331 670 1360 maiores
701 1333 839 1361 nostros

157 1374 294 1405 iuvenis
317 1373 395 1414 ille,
429 1376 491 1415 qui
513 1373 596 1412 foro
622 1377 654 1405 et
679 1375 839 1417 eloquen-

158 1420 228 1450 tiae
253 1420 474 1460 parabatur,
505 1420 658 1451 imbutus
682 1422 753 1452 iam
779 1421 838 1452 do—

157 1467 300 1496 mestica
326 1464 526 1506 disciplina,
557 1464 710 1503 refertus
735 1467 839 1497 lione-

155 1510 218 1540 stis
253 1509 381 1541 stadiis
413 1510 652 1542 deducebatur
684 1522 704 1542 a
735 1514 840 1552 patre

158 1554 212 1585 uel
242 1566 263 1586 α
294 1556 508 1597 propinquis
537 1556 585 1587 ad
617 1566 695 1587 eum
721 1559 839 1588 orato-

156 1610 240 1639 rem,
266 1601 327 1641 qui
347 1602 547 1642 principem
572 1602 609 1632 in
627 1603 772 1633 civitate
789 1602 837 1633 lo—

157 1655 233 1676 cum
247 1647 435 1677 obtinebat.
474 1646 573 1678 Hunc
585 1649 726 1688 sectari,
745 1648 838 1679 lianc

152 1692 334 1732 prosequi,
361 1692 465 1722 liuius
490 1693 650 1723 omnibus
671 1692 836 1724 dictioni-

157 1737 219 1767 bus
245 1738 420 1777 interesse,
444 1738 516 1768 sive
542 1738 577 1768 in
604 1738 747 1769 iudiciis
764 1740 837 1769 sice

157 1783 193 1812 in
212 1782 452 1823 concionibus,
471 1782 709 1824 adsuescebat,
729 1785 780 1815 ita
798 1786 838 1814 nt

155 1826 405 1858 altercationes
439 1837 575 1869 quoquc
601 1830 780 1870 exciperet
803 1832 837 1860 et

155 1873 285 1912 iurgiis
320 1874 501 1904 interesset
531 1875 638 1914 utque
660 1877 711 1905 sic
736 1874 835 1905 dime-

155 1918 240 1958 rim,
263 1926 428 1959 pugnare
453 1919 490 1949 in
511 1918 649 1959 proelio
675 1919 834 1951 disceret.

158 1961 231 1994 Vou
257 1962 327 1995 sich
354 1962 461 1995 selbst
484 1963 611 1996 erzablt
629 1963 700 1997 dies
718 1964 834 1997 Cicero

158 2006 246 2040 Brut.
274 2009 315 2041 89
332 2007 364 2040 ff.

202 2054 254 2085 20.
292 2053 592 2095 qaas-audierit,
619 2053 682 2087 i.e.
709 2055 836 2096 quibus

155 2098 304 2139 agendis
328 2096 547 2136 interfuerit.

200 2144 388 2185 utrimque,
416 2153 481 2175 von
502 2143 577 2175 dem
597 2143 834 2185 Standpunkte

155 2187 214 2220 des
229 2187 418 2229 Anklagers
436 2188 503 2220 und
521 2188 580 2221 des
596 2188 833 2231 Verteidigers.

200 2233 425 2272 decretoriis,
467 2233 733 2266 substantiviscb
775 2234 835 2266 mit

156 2282 290 2311 ernsten
316 2278 464 2317 Wall'en,
497 2279 653 2320 sqlchen,
686 2279 739 2312 die
770 2279 833 2312 deu

155 2323 345 2366 Ausschlag
367 2323 486 2366 geben.
519 2324 663 2357 Abnlicb
686 2324 739 2363 Vl,
754 2327 832 2364 4,6;

149 2379 380 2411 pugnamque
403 2369 501 2401 illam
519 2369 753 2402 decretoriam
771 2372 834 2402 im-

152 2416 278 2456 peritis
308 2426 350 2447 ae
381 2425 484 2457 saepe
513 2415 672 2457 pullatae
709 2417 834 2448 turbae

154 2459 370 2501 relinquunt,
389 2459 456 2493 und
476 2460 529 2492 bei
545 2460 636 2493 Suet.
653 2460 756 2503 Calig.
773 2463 831 2494 54:

149 2507 390 2546 pugnatoria,
424 2506 468 2538 im
494 2505 682 2547 Gegensatz
715 2516 755 2539 zu
782 2507 832 2538 tu-

154 2551 262 2592 soria,
277 2550 343 2593 vgl.
363 2550 395 2583 L.
413 2549 539 2583 Seneca
557 2550 660 2594 Epist.
681 2553 754 2593 117,
770 2553 830 2585 25:

909 1193 1055 1226 Remove
1080 1196 1147 1227 ista
1173 1194 1307 1227 lusoria
1334 1206 1446 1237 arma,
1471 1196 1588 1228 decre-

908 1241 1010 1271 toriis
1035 1250 1122 1282 opas
1147 1243 1207 1272 esi.

954 1285 1124 1327 difflatas,
1152 1288 1180 1326 1,
1205 1287 1258 1319 23.

952 1332 1143 1363 rescribere
1169 1350 1210 1355 —
1245 1333 1486 1374 orationibus,
1519 1331 1586 1374 vgl.

909 1374 1003 1408 Suet.
1030 1376 1134 1418 Calig.
1161 1378 1214 1410 53.

936 1421 1341 1499 μὴ
1361 1421 1587 1463 griechischer

909 1465 934 1497 R
1004 1477 1034 1498 )r
1060 1477 1103 1498 im
1134 1467 1288 1509 Ansange
1313 1466 1371 1500 der
1389 1466 1585 1506 Kaiserzeit,

908 1511 966 1544 der
1000 1522 1060 1544 nur
1092 1513 1266 1545 lateiniscb
1301 1515 1449 1553 vortiug.
1506 1511 1585 1544 Das-

907 1557 1001 1589 selbe
1020 1557 1185 1590 bericlitet
1209 1568 1274 1590 von
1298 1557 1372 1589 dem
1392 1555 1508 1590 Kaiser
1526 1557 1587 1589 Ca—

907 1601 1009 1644 ligula
1037 1602 1130 1634 Suet.
1156 1603 1259 1645 Calig.
1286 1604 1338 1636 53.

953 1648 1005 1680 21.
1030 1648 1257 1690 favorabilia,
1284 1648 1335 1680 bei
1356 1648 1470 1680 Cicero
1495 1649 1586 1681 nicht

908 1692 939 1724 in
968 1692 1154 1725 Gebraucb.

950 1738 1103 1769 secundo
1129 1739 1216 1779 loco,
1242 1738 1387 1770 namlich
1410 1750 1476 1781 per
1494 1741 1585 1771 totas

907 1784 959 1814 ire
984 1785 1163 1816 materias.

951 1828 1132 1869 classium,
1166 1829 1198 1861 in
1234 1828 1360 1861 diesem
1388 1827 1490 1860 Sinne
1517 1833 1586 1861 esst

906 1873 936 1905 iu
956 1873 1014 1906 der
1031 1874 1186 1916 spateren
1202 1874 1285 1911 Zeit,
1305 1874 1356 1906 bei
1376 1872 1486 1912 Quint.
1503 1874 1585 1906 eini-

906 1919 1026 1960 gemal,
1053 1930 1083 1951 u.
1115 1930 1142 1952 a.
1173 1919 1194 1955 1,
1213 1921 1244 1958 2,
1263 1920 1304 1952 23
1316 1918 1365 1952 ffi:
1392 1918 1474 1951 Non
1506 1921 1585 1951 inu-

906 1965 999 1996 tilem
1031 1967 1103 1996 seio
1128 1967 1306 1996 servatum
1341 1975 1413 1996 esse
1437 1975 1457 1996 a
1479 1975 1585 2006 prae-

905 2011 1103 2052 ceptoribus
1128 2011 1212 2042 meis
1235 2020 1386 2051 morem,
1420 2011 1482 2052 qui
1505 2019 1582 2042 cum

902 2066 1031 2097 pueros
1070 2057 1106 2086 in
1149 2055 1274 2087 classes
1315 2055 1582 2093 distribuerant,

905 2100 1065 2132 ordinem
1097 2100 1239 2132 dicendi
1266 2100 1457 2132 secundam
1489 2101 1583 2131 vires

905 2146 1046 2179 dabant.
1072 2148 1105 2176 et
1121 2147 1172 2177 ita
1188 2146 1372 2186 superiore
1389 2146 1464 2177 Ioco
1489 2147 1581 2186 qais-

905 2201 970 2232 que
984 2190 1214 2230 declamabat,
1227 2193 1267 2221 nt
1275 2190 1490 2231 praecedere
1498 2200 1582 2231 pro-

903 2235 1000 2274 fectu
1026 2236 1222 2267 videbatur.
1271 2235 1385 2267 Huius
1408 2237 1462 2267 rei
1486 2235 1580 2266 iudi-

905 2282 959 2313 cia
975 2282 1255 2322 praebebantur:
1281 2291 1320 2312 ea
1339 2282 1439 2313 nobis
1456 2282 1582 2322 ingens

899 2327 1032 2368 palma,
1058 2326 1186 2358 ducere
1211 2336 1291 2358 vero
1309 2326 1453 2358 classem
1471 2327 1580 2358 multo

900 2371 1190 2414 palchen-imum.

948 2418 1053 2448 certis
1078 2417 1198 2448 diebus
1215 2416 1486 2457 audiendarum,
1511 2415 1579 2458 vgl.

901 2461 935 2494 ll.
953 2465 982 2502 7,
997 2464 1009 2494 1
1024 2474 1030 2494 :
1058 2462 1151 2494 Illud
1167 2472 1212 2493 ea:
1229 2461 1481 2494 consuetudine
1505 2471 1580 2493 mu-

903 2507 1048 2539 tandum
1077 2517 1229 2549 prorsus
1261 2509 1424 2539 eoeistz'mo
1451 2508 1487 2539 in
1522 2508 1580 2548 iis,

901 2552 943 2584 de
969 2553 1094 2594 quibus
1118 2563 1213 2585 nunc
1238 2552 1458 2594 disserimus,
1485 2554 1580 2584 aeta—
