1720 2848
601 122 742 155 CAPUT
767 122 802 155 11.
829 123 849 164 ς’
876 125 995 156 7—13.
1445 119 1497 157 57

83 239 334 287 hahereinus;
372 238 517 277 ratibus
549 238 675 276 adhuc
705 238 992 289 navigaremus;
1031 250 1108 275 non
1132 245 1232 276 esset
1255 238 1404 288 pictura
1426 238 1498 278 nisi

83 308 179 346 quae
203 296 322 334 lineas
343 294 456 333 modo
479 300 669 333 extremas
691 294 861 341 umbrae,
893 306 1006 345 quam
1036 306 1202 345 corpora
1225 294 1261 332 in
1285 294 1365 333 sole
1388 296 1499 334 fecis-

84 359 181 399 ις6ιιῐ,
211 350 561 391 circumscriberet.
613 352 666 389 Ac
696 351 726 389 si
766 351 895 389 onmia
926 350 1175 402 percenseas,
1215 350 1319 389 nulla
1362 353 1500 391 mansit

84 421 156 455 ars,
180 408 302 459 qualis
324 408 479 446 inventa
500 413 570 453 est,
594 420 666 446 nec
689 408 789 445 intra
811 407 964 446 initium
987 407 1111 455 stetit;
1142 407 1213 445 nisi
1247 409 1345 445 forte
1370 414 1498 446 nostra

85 465 326 516 potissimum
356 470 529 514 tempora
561 463 790 503 damnamus
821 463 935 502 huius
964 463 1211 509 infelicitatis,
1242 470 1284 501 ut
1306 476 1411 502 nunc
1434 465 1500 503 de-

87 533 191 560 mum
214 520 307 559 nihil
329 527 489 559 crescat.
532 520 632 559 Nihil
664 527 792 559 autem
824 519 961 559 crescit
984 520 1064 559 sola
1087 520 1312 558 imitatione.
1354 520 1499 566 Quodsi

86 576 280 628 prioribus
301 576 451 615 adicere
475 578 530 615 sas
553 590 630 615 non
655 583 723 623 est,
755 577 951 627 quomodo
984 589 1141 627 sperare
1164 589 1372 627 possumus
1394 577 1499 615 illum

85 640 279 672 oratorem
302 631 546 684 perfectum?
569 646 658 672 cum
681 633 717 671 in
743 633 813 679 his,
837 646 935 683 quos
957 633 1144 672 maximos
1163 633 1289 671 adhuc.
1313 634 1503 679 novimus,

86 702 200 728 nemo
222 689 269 727 sit
291 690 482 735 inventus,
506 689 543 728 in
566 702 643 740 quo
674 690 767 728 nihil
799 697 860 727 aut
891 690 1133 728 desideretur
1154 696 1216 727 aut
1240 690 1503 740 reprehenda-

86 752 159 784 tur.
201 745 276 784 Sed
295 746 408 785 etiam
426 746 491 796 qui
509 758 657 784 summa
675 758 752 784 non
771 746 967 796 adpetent,
986 747 1225 784 contendere
1244 746 1371 796 potius
1389 759 1503 797 quam

85 802 194 852 sequi
217 802 373 841 debent.
414 802 508 840 Nam
532 802 596 852 qui
627 803 701 840 hoc.
729 802 818 852 agit,
849 808 889 840 ut
920 802 1027 853 prior
1056 802 1115 848 sit,
1148 802 1323 845 forsitan,
1355 803 1505 842 etiamsi

86 872 165 898 non
190 859 397 905 transierit,
419 859 619 909 aequabit:
651 871 739 897 eum
770 871 860 897 vero
893 871 1008 897 nemo
1037 864 1166 909 potest
1187 871 1364 909 aequare,
1397 859 1506 898 cuius

86 915 252 966 vestigiis
274 914 346 954 sibi
370 915 504 966 utique
521 915 777 954 insistendum
796 921 916 967 putat.
957 915 1123 954 Necesse
1139 921 1197 954 est
1214 915 1330 961 enim,
1353 928 1508 967 semper

86 972 133 1010 sit
165 972 358 1023 posterior
388 972 452 1022 qui
484 971 673 1023 sequitur.
731 972 836 1010 Adde
874 972 976 1022 quod
1010 972 1241 1022 plerumque
1273 972 1421 1011 facilius
1450 978 1507 1011 est

85 1028 174 1079 plus
195 1030 320 1067 facere
344 1040 458 1079 quam
480 1028 593 1067 idem.
636 1028 798 1066 Tantam
821 1028 924 1067 enim
946 1028 1214 1066 difficultatem
1237 1028 1352 1072 habet
1374 1028 1508 1067 simili-

87 1085 193 1133 tudo,
216 1092 257 1123 ut
279 1098 328 1123 ne
350 1085 431 1135 ipsa
453 1085 607 1135 quidem
630 1091 768 1123 natura
790 1085 828 1123 in
862 1085 935 1123 hoc
965 1084 1015 1123 ita
1047 1085 1243 1131 evaluerit,
1274 1092 1314 1123 ut
1345 1097 1423 1123 non
1447 1097 1509 1124 res

89 1154 187 1192 quae
209 1141 436 1187 simillimae,
460 1153 638 1192 quaeque
661 1153 773 1192 pares
796 1141 958 1180 maxime
979 1141 1192 1187 videantur,
1216 1141 1349 1192 utique
1372 1141 1508 1180 discri-

89 1198 193 1236 mine
214 1198 342 1248 aliquo
365 1198 652 1237 discernantur.
694 1198 799 1236 Adde
821 1198 937 1248 quod,
960 1197 1148 1249 quidquid
1166 1197 1275 1236 alteri
1298 1198 1421 1237 simile
1441 1204 1510 1243 est,

90 1266 250 1293 necesse
282 1261 335 1293 est
369 1254 499 1293 minus
528 1255 577 1294 sit
609 1267 666 1301 eo,
699 1255 802 1305 quod
834 1254 1018 1300 imitatur,
1050 1261 1089 1292 ut
1121 1254 1257 1293 umbra
1287 1266 1453 1305 corpore
1476 1260 1510 1292 et

90 1311 216 1362 imago
248 1311 345 1350 facie
380 1317 418 1349 et
447 1317 554 1350 actus
584 1311 817 1349 histrionum
839 1311 939 1351 reris
958 1310 1183 1349 adfectibus.
1226 1310 1339 1356 Quod
1361 1311 1398 1349 in
1425 1323 1511 1349 ora-

90 1367 263 1406 tionihus
285 1379 442 1418 quoque
464 1367 602 1405 evenit.
644 1367 817 1418 Namque
851 1367 916 1414 iis,
949 1379 1048 1417 quae
1078 1367 1116 1405 in
1148 1367 1368 1418 exemplum
1398 1367 1511 1406 adsu-

90 1424 244 1471 mimus,
267 1423 401 1463 subest
423 1432 557 1462 natura
580 1430 618 1462 et
641 1436 727 1462 vera
749 1424 823 1472 vis;
847 1430 981 1462 contra
1005 1424 1132 1462 omnis
1148 1423 1312 1461 imitatio
1336 1424 1432 1462 facta
1456 1428 1510 1462 est

91 1487 129 1519 et
157 1480 202 1519 ad
231 1480 399 1519 alienum
432 1480 676 1531 propositum
705 1480 1035 1519 accommodatur.

91 1536 294 1587 sanguinis
314 1548 358 1575 ac
374 1536 512 1574 virium
530 1537 830 1575 declamationes
846 1536 1017 1575 habeant
1033 1548 1147 1588 quam
1167 1536 1385 1583 orationes;
1408 1535 1511 1587 quod

92 1594 131 1632 in
164 1593 237 1632 illis
266 1604 367 1640 vera,
396 1593 434 1631 in
466 1593 524 1632 his
554 1593 764 1632 adsimilata
792 1593 952 1632 materia
973 1599 1042 1632 est.
1084 1592 1191 1632 Adde
1213 1593 1316 1643 quod
1338 1604 1392 1640 ea,
1416 1605 1513 1643 quae

92 1650 132 1689 in
155 1655 308 1689 oratore
329 1649 491 1688 maxima
513 1657 616 1697 sunt,
639 1649 838 1688 imitabilia
860 1662 940 1688 non
963 1656 1066 1696 sunt,
1090 1649 1305 1700 ingenium,
1328 1649 1513 1695 inventio,

92 1706 160 1753 vis,
178 1706 340 1746 facilitas
356 1711 395 1744 et
410 1706 597 1757 quidquid
615 1712 697 1745 arte
715 1719 794 1745 non
813 1706 990 1745 traditur.
1030 1706 1199 1757 Ideoque
1219 1705 1407 1756 plerique,
1426 1718 1512 1744 cum

93 1762 210 1802 verba
231 1763 377 1813 quaela
441 1775 486 1801 ex
508 1762 752 1801 orationibus
773 1768 1053 1813 excerpserunt
1069 1768 1133 1801 aut
1151 1762 1301 1812 aliquos
1320 1762 1514 1813 composi-

95 1819 212 1857 tionis
233 1775 514 1869 certoffittes,
536 1819 633 1857 mire
665 1832 684 1857 a
714 1832 754 1858 se
776 1831 873 1869 quae
895 1819 1073 1869 legerunt
1097 1818 1229 1869 effingi
1251 1818 1513 1856 arbitrantur:

95 1887 183 1914 cum
208 1881 242 1913 et
265 1874 380 1913 verba
403 1875 635 1913 intercidant
666 1875 980 1925 invalescantque
1007 1874 1262 1926 temporibus,
1285 1881 1324 1912 ut
1348 1886 1515 1924 quorum

95 1931 308 1971 certissima
331 1931 379 1970 sit
400 1931 531 1980 regula
554 1931 593 1970 in
615 1932 911 1975 consuetudine,
942 1943 1064 1982 eaque
1086 1943 1164 1970 non
1189 1942 1256 1969 sua
1280 1937 1415 1969 natura
1438 1930 1516 1969 sint

142 2021 300 2052 lineas—
309 2018 484 2060 fecissent,
498 2020 571 2052 eine
583 2019 771 2052 Umschrei-

96 2065 188 2107 hung
212 2074 278 2097 von
303 2060 607 2098 ‘Schattem-issen‘.

143 2112 172 2144 8.
197 2120 292 2142 nunc
315 2110 461 2152 demum,
481 2111 569 2152 jetzt
593 2110 724 2152 gerade.

143 2156 174 2189 9.
201 2157 379 2188 oratorem
400 2155 615 2197 perfectum,
642 2155 768 2197 s.§2S.

146 2202 195 2233 10.
206 2199 306 2233 Adde
315 2201 418 2242 quod,
433 2211 459 2234 s.
473 2200 667 2243 Einleitung
675 2200 709 2234 S.
722 2203 769 2233 13.

83 2250 88 2257 ·
149 2244 294 2278 Tantam
312 2245 561 2285 difficultatem
578 2247 690 2285 habet,
713 2241 771 2278 ‘ist

100 2299 137 2322 so
162 2290 293 2323 schwer
317 2290 555 2331 herzustellen,
579 2302 615 2324 so
640 2288 773 2324 selten’.

147 2335 346 2368 discrimine
371 2355 414 2359 —
447 2336 712 2375 discernantur,
747 2345 774 2368 S.

99 2379 292 2422 Einleitung
317 2380 349 2413 S.
378 2383 428 2414 13.

151 2427 199 2458 11.
234 2426 328 2467 quod
358 2427 537 2466 imitatur,
568 2422 658 2458 ‘sein
692 2425 775 2459 Vor-

101 2465 193 2502 bild‘.
243 2469 386 2511 Subjekt
408 2471 451 2505 ist
474 2471 649 2514 quidquid
671 2471 777 2503 altem·

100 2515 214 2547 simile
237 2518 296 2547 est.

151 2561 202 2595 12.
229 2563 290 2600 vis,
317 2559 383 2602 vgl.
410 2560 430 2603 ξ
455 2563 507 2596 25.
539 2565 565 2599 l,
594 2563 666 2595 108.

885 2019 1060 2061 quidquid
1083 2038 1125 2041 —
1151 2019 1318 2053 traditur.
1344 2029 1415 2051 was
1440 2028 1515 2051 man

839 2064 911 2106 also
938 2075 1002 2097 von
1023 2064 1128 2096 Natur
1150 2064 1282 2099 besitzt,
1308 2063 1388 2096 oder
1413 2063 1514 2097 durch

839 2109 962 2151 Uhung
986 2109 1126 2151 erlangt.

888 2157 938 2188 13.
964 2156 1246 2197 compositionis,
1270 2150 1336 2187 ‘ein
1364 2153 1518 2196 Wortge-

840 2195 928 2242 ffige‘
956 2200 1024 2242 vgl.
1050 2199 1070 2243 ξ
1100 2201 1125 2233 1.

885 2256 963 2277 eum
989 2249 1020 2277 el
1045 2247 1108 2278 cet.
1146 2244 1210 2277 Der
1229 2242 1518 2277 einsclu·²‹inkende

842 2290 1039 2323 Kausalsatz
1061 2289 1217 2332 schleppt
1245 2289 1330 2321 nach
1356 2288 1430 2321 dem
1456 2287 1520 2320 Ge-

842 2335 1002 2368 schmack
1039 2334 1097 2367 des
1135 2335 1302 2367 silbernen
1343 2332 1518 2374 Zeitalters

841 2380 1030 2416 hinterher3
1057 2380 1182 2412 ebenso
1209 2380 1229 2421 ξ
1257 2380 1308 2412 23.
1350 2377 1440 2411 Uber
1456 2377 1519 2410 den

844 2424 1026 2458 Gedanken
1052 2424 1120 2467 vgl.
1145 2423 1221 2457 Hor.
1239 2424 1302 2456 Ars
1328 2427 1418 2465 poet.
1445 2425 1485 2456 70
1497 2422 1519 2454 s.

891 2471 993 2502 vet-ba
1018 2489 1061 2493 —
1087 2471 1317 2511 temporibus.
1352 2468 1417 2511 vgl.
1444 2467 1520 2500 Hor.

846 2516 908 2548 Ars
935 2518 1024 2558 poet.
1050 2516 1193 2555 60—62„

900 2570 1020 2602 eaque.
1074 2559 1133 2592 Ein
1165 2559 1343 2600 [hergang
1382 2557 1439 2591 der
1472 2567 1522 2590 re-

1533 525 1551 557 9

1538 806 1574 838 10

1544 1201 1577 1234 11

1101 1479 1187 1525 Quo
1219 1480 1278 1525 tit,
1316 1487 1357 1518 ut
1387 1480 1515 1518 minus
1547 1484 1584 1516 12

1548 1709 1585 1742 13
