1720 2848
326 685 779 737 VERZEICHNIS
818 688 954 735 DER
992 686 1307 747 STELLEN,

111 787 168 820 AN
198 787 402 821 WELGHEN
438 788 522 821 vonv
557 787 639 820 DEN
666 786 890 819 LESARTEN
922 786 1004 819 DER
1037 785 1293 820 {ranseries
1323 786 1524 820 AUSGABE

474 843 635 876 LfflPZlG
664 845 748 877 1869
775 841 1058 875 ABGEwrcHEN
1085 841 1163 876 rsr.

207 947 231 984 l,
260 946 287 976 1.
319 946 517 986 cognitioni
548 944 645 977 Goth.
680 963 719 967 —
753 946 963 985 cogitationi
993 943 1107 976 Bamb.
1208 946 1237 977 2.
1270 954 1337 985 quo
1369 954 1527 986 quaeque

110 989 284 1031 Argentor.
304 1007 347 1012 —
364 1000 453 1031 quae
471 1000 607 1031 quoque
624 988 738 1021 Bamb.
810 991 839 1022 5.
865 988 943 1021 Non
970 999 1054 1031 ergo
1073 989 1138 1022 alte
1160 988 1351 1032 Ausgaben.
1370 1007 1413 1012 -
1431 988 1523 1020 ,vum

111 1044 206 1076 ergo.
322 1036 351 1068 6.
379 1045 466 1076 quae
491 1037 522 1066 si
546 1037 582 1066 in
607 1052 649 1058 —
675 1044 762 1076 quae
792 1035 823 1065 si
847 1032 981 1076 Regius.
1099 1036 1127 1066 7.
1162 1045 1228 1076 quo
1259 1033 1340 1068 Tur.
1365 1052 1408 1056 —
1433 1034 1528 1075 quod

109 1077 225 1111 Bamb.
343 1081 373 1113 S.
399 1090 650 1121 consequemur
675 1078 798 1121 Regius
823 1097 865 1102 —
891 1081 1146 1121 consequimur.
1266 1081 1315 1112 11.
1341 1082 1456 1111 tamen
1481 1098 1524 1103 —

110 1126 234 1164 [quare
259 1126 384 1164 tamen]
411 1124 515 1157 Halm.
614 1126 662 1158 16.
689 1125 868 1165 [imagine]
894 1125 1027 1156 ambitu
1045 1123 1182 1163 Becher,
1210 1123 1344 1158 Sclioell
1370 1143 1413 1148 —
1439 1126 1524 1156 ima-

105 1170 191 1209 gine
217 1170 375 1209 [ambitu]
403 1168 552 1203 Bursian.
649 1171 697 1202 17.
724 1169 987 1201 accommodata
1005 1168 1129 1202 Kblner
1146 1170 1250 1212 Ausg.
1269 1170 1350 1203 1527
1370 1188 1411 1192 —
1433 1179 1522 1201 com-

108 1214 250 1246 modata
269 1213 419 1246 Bursian.
494 1217 543 1247 19.
571 1225 587 1246 e
606 1215 786 1246 contrario
812 1213 865 1247 die
883 1214 1073 1257 Ausgaben.
1114 1217 1294 1246 contrario
1312 1213 1365 1247 die
1383 1213 1522 1247 Hdschr.

108 1276 151 1282 -
178 1261 397 1291 contrarium
422 1258 526 1292 Halm.
621 1261 672 1293 23.
698 1269 766 1291 non
792 1259 918 1291 inutile
943 1262 1010 1291 erit
1035 1258 1171 1292 Meister
1195 1259 1261 1298 (die
1288 1259 1421 1292 ubliche
1438 1259 1524 1292 Aus-

107 1302 338 1337 drucksweise
363 1304 416 1337 bei
444 1304 567 1346 Quint.)
592 1324 634 1328 —
659 1305 745 1336 utile
770 1306 837 1336 erit
860 1303 984 1337 Ktilner
1007 1303 1110 1346 Ausg.
1140 1306 1236 1338 1527.
1347 1305 1398 1338 33.
1424 1304 1521 1336 Adeo

108 1347 256 1390 Meister,
284 1348 375 1389 Ouid
399 1350 493 1391 quod
508 1349 635 1382 Becher
651 1368 695 1373 ——
713 1349 861 1391 Ideoque
885 1349 974 1382 Geel.
1069 1352 1121 1383 35.
1149 1350 1260 1382 Stoici
1278 1349 1369 1391 fflgte
1387 1348 1524 1382 Meister

109 1392 221 1427 liinzu.
338 1396 391 1427 37.
419 1394 557 1436 legendi
581 1398 614 1427 et
637 1405 727 1436 quae
751 1393 887 1427 Meister
911 1413 952 1417 —
979 1394 1117 1436 legendi
1148 1405 1303 1436 quaeque
1328 1393 1432 1427 Halm.

108 1439 162 1471 38.
186 1449 439 1481 persequamur
463 1439 556 1481 sligte
581 1439 722 1472 JMtiller
747 1439 858 1472 liinzu.
951 1441 1004 1472 40.
1030 1439 1110 1472 Non
1135 1442 1185 1471 est
1209 1442 1324 1471 tamen
1355 1439 1407 1472 die
1433 1439 1523 1472 alten

106 1483 210 1526 Ausg.
227 1502 271 1507 —
293 1483 375 1516 Non
400 1487 449 1515 est
474 1484 588 1518 Bamb.
682 1485 735 1517 42.
761 1484 809 1516 ad
829 1483 1028 1523 faciendam
1055 1487 1159 1516 etiam
1181 1485 1330 1526 phrasin
1355 1484 1407 1517 die
1433 1484 1523 1517 alten

107 1529 212 1570 Ausg.
237 1547 280 1552 -—
305 1529 353 1561 ad
371 1530 517 1571 phrasin
544 1529 605 1569 (ad
625 1529 755 1567 lar-isin
782 1528 911 1569 Bamb.)
1005 1529 1045 1561 de
1075 1530 1226 1571 singulis
1257 1530 1383 1571 loquar
1407 1528 1522 1561 Bamb.

108 1574 140 1605 2.
165 1572 201 1606 H.
227 1593 270 1597 —
296 1574 336 1606 de
359 1575 512 1616 singulis
537 1574 650 1607 Bamb.
733 1576 785 1607 45.
813 1576 875 1616 qui
896 1577 979 1606 sunt
1003 1573 1126 1607 Kiilner
1149 1574 1252 1616 Ausg.
1282 1575 1363 1607 1527
1383 1577 1525 1606 -sunt

106 1621 224 1650 autem
249 1618 354 1652 Halm.
435 1620 565 1651 similes
589 1618 735 1657 Meister,
759 1620 931 1652 similibus
948 1619 1064 1652 Bamb.
1090 1618 1267 1661 korrigiert
1292 1629 1358 1652 von
1380 1622 1407 1652 1.
1427 1618 1463 1652 H.
1489 1619 1522 1651 in

104 1663 295 1695 simillimis
311 1683 353 1687 —
371 1664 554 1697 simillimi.
633 1666 685 1698 46.
712 1666 868 1696 amnium
894 1683 937 1688 —
961 1666 1117 1697 omnium
1134 1666 1290 1697 amnium
1309 1663 1431 1697 Osann.

106 1709 160 1741 48.
187 1708 356 1741 creditum
374 1712 423 1741 est
440 1708 579 1742 Hdschr.
593 1727 635 1732 —
654 1710 810 1742 ereditur
827 1708 932 1742 Halm.
1025 1711 1077 1743 59.
1104 1709 1329 1751 adsequimur
1345 1708 1461 1743 Bamb.
1481 1727 1523 1733 —

106 1753 342 1795 adsequamur
366 1753 472 1788 Halm.
588 1755 642 1788 68.
668 1755 762 1796 quod
792 1756 903 1796 ipsum
936 1753 1051 1787 Bamb.
1078 1773 1119 1778 -—
1146 1765 1244 1796 quem
1278 1757 1391 1796 ipsum
1415 1753 1522 1787 Halm.

177 1799 229 1831 69.
253 1800 476 1840 praecipuus.
501 1799 592 1831 Eum
609 1797 744 1831 Meister
762 1818 804 1823 —
821 1801 1033 1841 praecipuus
1051 1802 1099 1831 est·
1117 1799 1220 1832 Halm.
1292 1801 1343 1833 80.
1368 1801 1524 1841 primum

106 1840 222 1876 Bamb.
241 1861 283 1866 —
298 1845 445 1885 primus.
472 1845 597 1886 primis
613 1844 750 1885 Argent.
820 1845 874 1877 81.
893 1844 1043 1886 quodam
1060 1844 1198 1886 Argent.
1217 1844 1388 1886 quaedam
1407 1843 1521 1877 Bamb.

104 1906 150 1910 —
163 1890 340 1931 tamquam
358 1887 464 1921 Halm.
534 1889 591 1921 dei
607 1887 699 1927 Geel,
722 1889 761 1920 de
779 1888 894 1921 Bamb.
912 1907 955 1913 -
971 1889 1047 1922 lasst
1066 1888 1160 1921 Halm
1178 1899 1263 1931 weg.
1337 1890 1388 1923 83.
1407 1891 1521 1921 suavi-

106 1935 176 1964 tate
203 1952 241 1956 —
268 1935 304 1965 vi
329 1944 370 1966 ac
393 1935 566 1966 suavitate
590 1933 682 1968 Geel.
786 1935 838 1967 89.
864 1937 904 1965 ut
926 1937 977 1965 est
1000 1934 1131 1966 dietum
1157 1953 1198 1958 —
1223 1936 1275 1975 [ut
1301 1937 1352 1966 est
1376 1934 1520 1974 dietum]

105 1975 211 2011 Halm.
305 1980 358 2012 91.
380 1980 528 2021 propius
552 1998 595 2003 ——
614 1980 814 2020 promptius
830 1977 936 2012 Halm.
1029 1980 1082 2013 92.
1105 1978 1203 2017 feras
1227 1978 1358 2012 Miincli.
1374 1978 1524 2017 —seres

105 2020 222 2054 Bamb.
315 2025 368 2056 94.
393 2034 462 2055 non
495 2024 594 2057 labor
618 2023 733 2058 Bamb.
759 2042 803 2047 ——
825 2025 896 2056 nisi
920 2024 1020 2056 labor
1042 2025 1180 2066 Argent.
1272 2026 1325 2058 96.
1350 2024 1410 2056 sed
1441 2024 1523 2056 aliis

103 2067 313 2107 quibusdam
339 2068 445 2101 Christ
471 2087 513 2091 —
538 2080 558 2098 ᾗ
583 2080 603 2099 «κ
629 2069 847 2111 quibusdam.
951 2071 1003 2102 97.
1029 2070 1219 2101 clarissimi
1234 2069 1525 2111 ——grandissimi

104 2110 216 2145 Halm.
314 2115 384 2146 101.
412 2113 667 2146 commendavit
682 2133 725 2137 —
744 2114 977 2146 commodavit
1000 2113 1104 2148 Halm.
1204 2116 1274 2147 102.
1300 2114 1522 2147 inmortalem

105 2154 222 2190 Bamb.
247 2176 291 2182 —
315 2158 411 2190 illam
437 2158 659 2191 inmortalem
684 2158 817 2193 Miinch.
914 2160 986 2192 103.
1013 2161 1049 2191 in
1075 2161 1234 2192 omnibus
1258 2161 1315 2191 in:
1349 2161 1384 2191 in
1413 2161 1522 2191 omni-

104 2202 167 2234 bus
191 2201 308 2237 Bamb.
332 2222 376 2227 —
401 2204 437 2235 in
465 2205 626 2246 operibus
650 2203 747 2237 Roth.
855 2205 927 2237 106.
952 2206 1148 2237 rationem:
1175 2206 1314 2237 racioni
1338 2204 1453 2237 Bamb.
1480 2223 1523 2228 —-

104 2249 277 2291 rationem
302 2250 420 2281 omnia
446 2246 579 2282 Mfincli.
678 2249 732 2281 illi
754 2268 797 2272 —
823 2250 904 2281 huic
928 2248 1060 2282 Miincli.
1088 2269 1125 2274 —
1160 2249 1234 2282 illic
1259 2268 1299 2273 —
1326 2250 1382 2282 hic
1406 2248 1520 2282 Bamb.

199 2293 272 2326 107.
296 2295 470 2325 vincimus
492 2292 625 2326 Mfinch.
651 2313 695 2318 —
720 2296 867 2326 vicimus
893 2293 1009 2328 Bamb.
1117 2296 1242 2336 quibus
1265 2313 1310 2317 ——
1335 2296 1369 2325 in
1397 2296 1523 2336 quibus

105 2334 211 2369 Halm.
330 2341 400 2372 111.
425 2339 518 2370 nihil
535 2338 722 2381 pulchrius
745 2357 791 2363 —
813 2339 905 2372 nihil
936 2349 1102 2382 umquam
1133 2339 1320 2381 pulchrius
1345 2337 1521 2381 Spalding.

199 2383 272 2415 112.
297 2385 456 2416 omnibus
480 2402 522 2407 —
548 2385 745 2417 hominibus
769 2384 906 2426 Argent.
1020 2387 1090 2417 115.
1115 2385 1182 2416 sibi
1205 2394 1276 2416 non
1300 2386 1331 2416 si
1356 2384 1442 2426 quid
1465 2384 1522 2416 de-

103 2428 284 2459 tracturus
299 2426 415 2462 Bamb.
435 2430 464 2462 2.
483 2428 520 2461 H.
539 2447 581 2452 —
599 2428 675 2462 l'asst
693 2428 787 2462 Halm
811 2439 898 2471 weg.
1005 2431 1078 2463 117.
1103 2439 1215 2461 sermo
1238 2439 1350 2471 purus
1374 2428 1520 2467 Meister.

101 2481 215 2504 sermo
241 2471 294 2505 die
319 2472 455 2506 Hdschr.
473 2493 516 2497 —
540 2473 661 2513 fervor
685 2473 836 2507 Bursian.
934 2475 1005 2506 126.
1032 2475 1156 2516 quibus
1180 2492 1223 2498 —
1248 2476 1292 2506 iis
1316 2475 1442 2516 quibus
1460 2473 1523 2506 Re-

103 2515 190 2557 gius.
286 2519 358 2550 127.
384 2521 446 2550 aut
470 2519 590 2551 saltem
609 2538 648 2543 -
665 2530 706 2552 ac
729 2520 862 2552 saltem.
948 2520 1019 2552 130.
1044 2521 1076 2550 si
1101 2519 1221 2560 aliqua
1240 2518 1355 2551 Bamb.
1374 2520 1404 2552 2.
1422 2518 1459 2551 H.
1478 2537 1523 2542 ——

100 2562 134 2591 si
158 2561 217 2593 ille
241 2562 411 2604 quae-dam
436 2562 539 2597 Halm.
636 2567 708 2598 131.
734 2565 911 2606 utrimque
935 2562 988 2596 die
1014 2563 1103 2597 alten
1126 2563 1229 2606 Ausg.
1256 2567 1442 2606 utrumque
1467 2563 1523 2596 die

102 2603 241 2639 Hdschr.
265 2625 309 2631 —
333 2610 520 2650 utcumque
545 2608 650 2642 Halm.
