1720 2848
0 380 3 398 l

612 79 754 113 CAPUT
779 80 801 113 1.
827 81 848 122 ς,
875 82 1016 114 ’ft—76.
1469 79 1520 118 39

107 199 144 237 in
171 198 326 237 historia
350 196 554 248 praedictis
575 195 715 242 minor,
738 197 787 235 ita
810 196 954 235 oratori
977 196 1097 246 magis
1117 195 1264 242 similis,
1287 203 1325 234 ut
1350 198 1427 247 qui.
1452 211 1519 236 au-

108 262 261 306 tequam
280 260 334 293 est
353 253 397 291 ad
415 253 488 291 hoc
506 265 604 303 opus
619 251 857 299 sollicitatus,
875 252 939 291 diu
957 252 1074 291 fuerit
1091 257 1234 290 orator.
1277 252 1455 300 Philisg
1470 267 1530 300 Q

108 324 265 362 quoque
287 315 468 355 meretur,
491 309 556 358 qui
575 307 710 348 turbae
728 309 900 359 quamvis
917 308 1113 347 bonorum
1131 314 1218 360 post
1235 320 1301 347 eos
1317 315 1520 348 auctorum

106 368 307 411 eximatur,
326 365 492 404 imitator
508 364 721 416 Thucydidi
740 371 777 403 et
794 371 835 404 ut
852 365 972 403 multo
991 365 1195 409 infirmior,
1212 365 1262 404 ita
1278 365 1523 417 aliquatenus

108 424 282 463 lucidior.
326 421 576 475 Ephorus,
609 428 646 459 ut
679 421 836 460 Isocrati
868 421 1003 467 visum,
1036 421 1249 460 calcarihus
1280 428 1378 472 eget.
1421 422 1522 479 Ch:

109 487 151 519 ta
166 479 269 526 mhi
294 477 482 528 probatur
503 478 717 528 ingenium,
742 478 835 517 fides
863 478 1082 516 infamatur.
1135 478 1270 527 Longo
1293 484 1379 529 post
1401 479 1523 517 inler-

106 536 202 574 vallo
234 534 418 585 temporis
449 541 563 573 natus
592 534 973 586 Qagestes-vel
1004 534 1077 572 hoc
1107 540 1162 573 est
1194 534 1278 585 ipso
1299 534 1523 586 probabilis,

105 592 208 643 quod
231 591 489 630 intermissam
513 591 690 629 historias
711 590 906 629 scribendi
938 590 1164 629 industriam
1200 603 1296 629 nova
1327 591 1439 630 laude
1462 603 1524 631 re-

106 648 261 700 paravit.
311 646 414 703 {fn
430 648 606 699 oph-Q
626 660 704 685 non
747 647 887 686 excidit
918 647 1009 685 mihi
1041 647 1104 685 sed
1140 647 1241 686 inter
1271 648 1525 700 philosophos

106 704 327 743 reddendus
348 709 418 741 ost.

218 760 402 811 Sequitur
419 766 617 798 oratorum
635 759 774 810 ingens
790 770 942 803 manus,
960 766 1000 796 ut
1017 770 1106 797 curn
1123 759 1257 797 decem
1275 760 1389 799 simul
1408 760 1525 798 Athe-

107 859 162 881 um
188 850 253 882 408
279 859 308 880 ν.
335 848 421 896 Chr.2
454 847 586 880 schrieb
618 846 677 880 aus
702 846 780 879 Ver-

107 894 289 936 anlassung
314 903 425 926 semes
451 891 588 926 Lehrers
613 892 780 925 lsokrates

110 941 148 973 12
192 938 320 971 Biicher
359 933 558 978 Ἑλληνικά,
601 937 649 970 als
690 937 782 970 Fort-

105 990 247 1026 setzung
281 983 340 1016 des
376 982 596 1026 'l'hukydides
635 982 702 1015 und
740 984 782 1016 58

108 1029 238 1062 Biicher
256 1025 468 1069 Φιλιππικά,
494 1029 568 1060 eine
594 1027 782 1060 Universal-

108 1073 320 1117 geschichte:
348 1073 444 1106 beide
464 1072 586 1106 Werke
612 1072 683 1105 sind
710 1083 783 1105 ver-

108 1120 201 1152 loren
226 1128 411 1162 gegangen.

152 1164 362 1206 praedictis,
397 1163 551 1196 dasselbe
578 1163 642 1195 wie
668 1165 784 1203 antea,

107 1220 216 1252 snpra
227 1209 340 1242 dietis.
358 1208 391 1241 ln
405 1208 513 1241 dieser
522 1207 784 1249 abgeschw'ach·

110 1259 164 1287 ten
183 1254 382 1296 Bedeutung
406 1253 536 1286 kommt
560 1253 619 1286 das
638 1252 783 1286 Verbum

111 1298 224 1341 haufig
241 1299 293 1332 bei
309 1298 420 1337 Quint.
438 1308 508 1338 vor,
527 1309 554 1330 z.
568 1297 605 1330 B.
623 1297 659 1337 ll,
677 1300 709 1337 4,
725 1300 783 1331 24:

107 1346 285 1388 posterior
309 1355 354 1376 ecc
372 1343 568 1386 praedicta·
585 1344 692 1377 locus.
732 1342 786 1383 lx,

111 1392 141 1430 3,
167 1391 227 1423 66:
255 1388 431 1431 praedicti
460 1390 630 1428 nominis,
661 1388 787 1421 seltner

109 1435 141 1467 in
181 1433 238 1467 der
270 1433 381 1467 frtiher
415 1434 482 1466 ihm
519 1433 786 1466 ausschliesslich

110 1478 376 1513 zukommenden
422 1474 679 1521 ‘voraussagen’
720 1479 783 1511 wie

109 1524 157 1565 Ill,
184 1527 214 1564 ἵ,
245 1525 300 1557 19;
323 1524 507 1567 praedicta
528 1525 713 1565 pernicies

156 1570 205 1602 ad
228 1571 293 1602 hoc
317 1580 404 1612 opus
427 1569 656 1609 sollicitatus,
682 1568 787 1601 findet

111 1615 204 1648 seine
222 1614 409 1657 Erklarung
427 1614 530 1647 durch
548 1613 614 1647 Cic.
641 1615 680 1647 de
703 1616 786 1647 orat.

110 1659 146 1698 ll,
175 1662 225 1699 13,
252 1662 312 1694 57:
339 1660 419 1691 Duo
442 1662 666 1702 praestantes
688 1661 786 1701 inge-

112 1707 183 1746 nio,
213 1704 452 1747 Theopompus
476 1708 510 1736 et
533 1704 715 1747 Ephorus,
744 1706 786 1737 ab

112 1750 266 1783 [socrate
294 1752 468 1791 magistro
501 1750 643 1792 impulsi
673 1761 709 1782 se
742 1750 789 1782 ad

112 1796 297 1827 historiam
322 1796 556 1827 contulerunt.

147 1840 417 1885 „Rhama-aus
452 1839 621 1882 Syrakus,
658 1839 789 1881 Zeitge—

115 1894 213 1917 nosse
239 1884 298 1917 der
321 1884 441 1917 beiden
466 1883 666 1928 Dionysius,
697 1884 788 1917 lebte

114 1930 146 1962 in
174 1929 331 1972 politisch
363 1929 597 1962 bedeutsamer
621 1928 788 1971 Stellung‚

115 1976 180 2008 356
199 1985 229 2007 ν.
249 1974 323 2007 Chr.
346 1975 378 2007 in
397 1975 518 2007 hohem
536 1975 629 2007 Alter
646 1976 787 2016 getotet.

98 2016 311 2064 'Dib'isysiusz
347 2017 512 2053 Φίλιστος
535 2018 688 2063 μιμητής
712 2020 788 2052 ἐστι

115 2061 346 2098 Θουκυδίδουῑ
362 2075 388 2099 s,
398 2064 464 2097 Cic.
479 2064 519 2098 de
534 2068 617 2099 orat.
628 2065 725 2105 ll,13,
736 2067 788 2098 57.

157 2113 323 2151 meretur,
348 2120 373 2142 s.
399 2120 438 2142 zu
465 2109 485 2152 ξ
511 2112 562 2143 72.

160 2157 318 2197 quamvis
331 2157 512 2195 bonorum,
523 2155 788 2198 spatlateinisch.

159 2201 394 2243 aliquatenus,
420 2200 491 2233 hier
514 2200 582 2233 und
606 2200 658 2241 xl,
680 2202 710 2239 3,
729 2202 788 2233 97:

114 2245 339 2288 aliquatenus
363 2245 509 2277 liberius
533 2246 621 2278 heim
646 2245 792 2288 Kompa-

116 2290 201 2322 rativ
226 2293 307 2323 statt
332 2289 391 2323 des
416 2289 570 2323 Ablatirs
595 2291 793 2333 aliquanto,

117 2335 181 2367 wie
199 2335 302 2377 longe
319 2338 399 2368 statt
416 2336 527 2368 multo
553 2346 579 2370 s.
599 2335 792 2378 Einleitung

117 2382 405 2466 μ’,ὲὲᾖῃζμωυε
415 2424 490 2458 dem
501 2425 674 2459 aolischen

98 2479 171 2510 *um
191 2471 255 2509 343}
272 2470 407 2511 3·..sshr.,
433 2470 490 2504 der
511 2473 600 2503 erste
618 2425 793 2503 Verlasser

117 2514 208 2547 einer
231 2513 602 2558 Universalgeschichte
628 2515 695 2548 und
720 2515 794 2548 des-

851 847 927 880 halb
963 848 1028 881 viel
1066 848 1221 890 geriihmt
1263 847 1329 880 und
1369 848 1435 880 viel
1471 858 1527 890 ge-

851 892 1021 926 schmaht:
1059 893 1127 935 vgl.
1160 893 1196 933 ll,
1223 894 1253 932 S,
1284 896 1337 925 ll:
1375 903 1454 925 cum
1487 893 1528 925 de

852 937 995 980 Ephoro
1019 941 1124 980 atque
1153 937 1370 980 Theopompo
1400 940 1451 970 sic
1476 940 1529 969 iu-

852 983 988 1016 dicaret
1010 983 1096 1024 (scil.
1124 984 1322 1023 Isocrates),
1352 986 1394 1014 ut
1423 983 1530 1015 alteri

851 1028 974 1070 frenis,
999 1029 1105 1060 alteri
1129 1029 1326 1060 calcaribus
1351 1039 1437 1070 opus
1461 1039 1530 1060 esse

854 1073 998 1111 diceret;
1018 1074 1101 1106 nach
1117 1074 1182 1106 Cic.
1197 1073 1238 1106 de
1256 1077 1339 1106 orat.
1357 1073 1406 1111 lll,
1421 1075 1452 1113 9,
1467 1075 1528 1107 36:

854 1119 990 1151 dicebat
1013 1119 1184 1151 Isocrates
1206 1138 1248 1142 —
1273 1130 1309 1149 se
1334 1119 1532 1151 calcaribus

854 1166 891 1196 in
909 1164 1065 1206 Ephoro,
1090 1166 1214 1196 contra
1233 1167 1349 1195 autem
1365 1165 1402 1195 in
1425 1163 1532 1196 Theo-

848 1219 976 1251 pompo
1001 1208 1115 1248 frenis
1138 1210 1193 1241 uti
1215 1209 1326 1241 solere
1357 1208 1424 1241 und
1450 1209 1532 1241 'cilin-

853 1254 919 1286 lich
946 1253 1037 1286 Brut.
1064 1256 1117 1295 56,
1143 1256 1218 1287 204.

891 1299 1109 1344 glitarelms,
1139 1309 1199 1332 aus
1224 1298 1374 1342 lyl-ega-ra„
1400 1298 1531 1331 schrieb

855 1345 929 1377 eine
947 1336 1146 1377 {ieschichte
1169 1344 1226 1377 der
1245 1343 1363 1377 Perser
1387 1354 1447 1377 vor
1465 1343 1532 1377 und

856 1389 940 1422 nach
965 1389 1090 1422 Xerxes
1123 1389 1190 1422 und
1223 1390 1297 1422 eine
1330 1389 1532 1422 Geschichte

855 1434 1061 1467 Alexander-s
1087 1434 1146 1467 des
1171 1434 1310 1467 Grossen
1339 1434 1373 1467 in
1400 1436 1440 1467 12
1467 1434 1532 1467 Bii-

856 1479 956 1512 chern
982 1479 1033 1512 bis
1064 1489 1123 1512 zur
1148 1479 1309 1512 Schlacht
1339 1479 1394 1512 bei
1419 1479 1531 1523 Ipsos:

855 1524 922 1567 vgl.
956 1525 1039 1558 iiber
1075 1524 1132 1557 ihn
1169 1524 1228 1557 das
1260 1523 1366 1557 Urteil
1400 1525 1533 1558 Ciceros

856 1569 947 1602 Brut.
977 1572 1027 1610 11,
1045 1571 1088 1603 42
1103 1568 1135 1602 ff.
1163 1569 1203 1602 de
1228 1569 1316 1612 legg.
1347 1572 1374 1611 1,
1400 1571 1431 1604 2.

902 1617 955 1648 75.
996 1614 1094 1647 Timo
1124 1625 1202 1647 enes
1254 1615 1531 1648 wahrscheinlich

856 1670 916 1693 aus
942 1658 1073 1703 Syrien,
1124 1671 1153 1693 ei
1203 1670 1237 1693 er
1258 1660 1441 1693 Einnahme
1466 1670 1532 1693 von

856 1705 1057 1748 Alexandria
1077 1708 1118 1739 55
1135 1705 1259 1747 52,er-
1286 1705 1452 1748 gefangen
1479 1715 1535 1748 ge-

852 1743 1120 1783 ffinffnssximffl
1142 1750 1227 1783 nach
1253 1749 1336 1783 Rom
1363 1751 1535 1793 gebracht,

857 1794 982 1828 Sklave
1001 1794 1123 1836 Sullas,
1149 1805 1215 1828 von
1241 1795 1436 1828 demselben
1459 1795 1536 1829 frei-

857 1840 1030 1882 gelassen,
1068 1840 1231 1882 grundete
1268 1850 1303 1873 er
1339 1840 1412 1873 eine
1450 1839 1535 1873 Rhe-

858 1885 1090 1924 torenschule‚
1131 1884 1260 1917 Freund
1303 1885 1361 1918 des
1398 1885 1534 1919 Asinius

858 1929 978 1963 Pollio.

904 1976 1081 2013 historias,
1098 1974 1181 2007 siber
1195 1974 1250 2008 die
1262 1973 1463 2018 Bedeutung
1475 1975 1535 2008 des

859 2019 990 2053 Plurals
1015 2019 1083 2062 vgl.
1110 2030 1150 2053 zu
1177 2020 1196 2060 ξ
1224 2021 1275 2053 34.

902 2064 1106 2107 Xenophon,
1131 2075 1157 2097 s.
1182 2065 1200 2107 ξ
1227 2066 1279 2098 82.

905 2112 957 2143 76.
976 2113 1015 2142 ut
1031 2119 1119 2150 cum,
1134 2106 1189 2142 ‘da
1203 2105 1249 2151 ja’
1270 2110 1331 2142 mit
1348 2109 1422 2144 dem
1438 2109 1536 2151 Konj.

860 2153 974 2198 h‘aufig
999 2155 1050 2188 bei
1077 2154 1202 2195 Quint„
1228 2165 1256 2187 z.
1270 2155 1306 2188 B.
1326 2154 1378 2197 W,
1393 2157 1458 2198 3‚9
1475 2157 1536 2197 (ri-

859 2201 929 2241 sus)
955 2211 1072 2232 rerum
1089 2210 1192 2243 saepe
1208 2204 1448 2233 maoez'maram
1465 2211 1536 2232 mo-

859 2248 976 2277 menta
1018 2248 1141 2285 vertit,
1189 2248 1235 2277 ut
1281 2256 1370 2277 enm
1418 2246 1537 2278 odium

859 2293 1019 2332 iramque
1053 2289 1338 2332 frequentissime
1376 2290 1538 2333 frangat.

859 2335 985 2368 Frfiher
1009 2335 1106 2368 dasiir
1131 2337 1258 2378 quippe
1291 2346 1386 2377 cum,
1418 2338 1540 2378 utpote

861 2391 949 2412 cum.

906 2426 1036 2463 decem,
1069 2425 1159 2457 nicht
1192 2427 1340 2467 genannt
1371 2424 1446 2458 sind
1476 2425 1541 2458 sol-

862 2469 968 2512 gende
995 2472 1012 2501 5
1040 2468 1187 2502 Redner:
1216 2469 1402 2517 Antiphon,
1428 2469 1541 2503 Ando-

862 2514 970 2559 kides,
999 2513 1106 2555 Istius,
1134 2514 1246 2564 Qkur
1271 2524 1329 2555 us,
1384 2515 1541 2548 inarchus

1350 2555 1526 2571 ’κ

1555 484 1592 516 Ἱ5

1555 767 1593 799 76
