1720 2848
589 105 728 139 CAPUT
754 106 776 139 1.
802 106 822 149 5
848 107 990 140 80—82.
1442 105 1491 143 41

82 220 205 260 datur.
255 221 388 271 Neque
410 232 481 271 ego
504 220 541 258 in
566 219 635 266 his,
667 220 713 258 de
735 219 877 270 quibus
907 231 991 258 sum
1015 220 1179 267 locutus,
1211 221 1278 259 has
1299 221 1397 260 50135
1419 222 1492 260 vir-

84 284 184 316 tutes
206 278 270 316 sed
293 278 360 316 has
379 276 608 328 praecipuas
628 283 736 326 put0,
760 288 833 315 nec
855 282 1006 315 ceteros
1022 288 1158 327 parum
1181 277 1299 315 fuisse
1320 289 1493 328 magnos.

83 333 185 379 Quin
210 332 592 384 etiam-Ehfflm
607 332 712 371 illum
743 332 1068 379 Demetrium,
1099 345 1332 384 quamquam
1362 333 1393 372 is
1415 334 1495 384 pri-

82 403 187 430 mum
210 389 418 429 inclinasse
439 388 702 439 eloquentiam
725 388 877 435 dicitur,
900 388 1065 427 multum
1086 389 1232 440 ingenii
1255 389 1435 429 habuisse
1457 397 1494 428 et

81 446 282 485 facundiae
302 446 435 492 fateor,
466 445 523 483 vel
546 445 595 484 ob
617 445 691 484 hoc
723 445 908 484 memoria
929 445 1102 496 dignum,
1135 446 1236 496 quod
1261 446 1417 485 ultimus
1440 452 1496 485 est

81 504 160 542 fere
181 515 226 541 ex
248 502 395 548 Atticis,
417 502 483 552 qui
504 501 578 540 dici
601 502 722 552 possit
742 508 892 550 orator;
923 514 1037 552 quem
1069 508 1196 541 tamen
1220 502 1256 541 in
1281 502 1345 541 illo
1368 503 1494 541 medio

80 570 224 610 genere
245 558 397 597 dicendi
419 559 589 609 praefert
610 558 792 597 omnibus
814 557 961 597 Cicero.

192 614 531 665 Philosophorum,
554 627 597 653 ex
618 614 759 665 quibus
781 614 990 665 plurimum
1008 627 1049 654 se
1067 615 1226 655 traxisse
1250 615 1496 666 eloquentiae

80 670 128 709 M.
152 670 301 710 Tullius
322 672 544 717 confitetur,
575 671 661 722 quis
682 670 831 709 dubitet
852 671 1113 719 fimana-111
1137 685 1220 711 esse
1242 672 1497 723 praecipuum

77 739 154 766 sive
184 739 362 766 acumine
394 727 608 767 disserendi
638 727 717 766 sive
751 727 960 777 eloquendi
983 728 1162 766 facultate
1184 728 1310 767 divina
1333 729 1496 779 quadam

78 790 115 822 et
137 782 371 823 Homerica?
393 783 556 822 Multum
578 783 682 822 enim
699 795 816 834 supra
833 795 987 834 prosam
1005 784 1221 823 orationem
1243 797 1358 835 quam
1380 785 1497 836 pede-

78 846 197 880 strem
230 839 366 879 Graeci
398 846 535 879 vocant
565 840 700 891 surgit,
732 845 773 878 ut
802 840 894 878 mihi
926 853 1007 879 non
1036 840 1206 880 hominis
1239 841 1398 893 ingenio
1428 842 1493 881 sed

78 897 246 947 quodam
269 896 444 947 Delphici
465 897 638 936 videatur
655 896 812 935 oraculo
829 896 889 935 dei
912 896 1132 937 instinctus.
1175 897 1275 943 Quid
1298 911 1370 949 ego
1393 911 1498 938 eom-

77 964 291 992 memorem
314 952 409 1007 Q]
424 966 482 1005 op
496 953 551 991 ho
567 966 595 997 11
600 953 674 999 m
696 952 798 991 1113111
819 953 1099 992 iucunditatem
1122 954 1405 1001 inadfectatam,
1431 956 1498 994 sed

79 1022 194 1061 quam
217 1009 320 1048 nulla
343 1010 531 1060 consequi
555 1009 759 1048 adfectatio
792 1007 941 1060 possit?
971 1016 1012 1048 ut
1044 1010 1149 1061 ipsae
1179 1023 1400 1050 sermonem
1424 1012 1498 1050 fin-

78 1066 177 1106 xisse
200 1065 351 1105 Gratiae
374 1066 577 1105 videantur
598 1072 646 1111 et,
669 1066 772 1116 quod
794 1065 840 1104 de
864 1066 1012 1104 Pericle
1034 1067 1174 1106 veteris
1196 1068 1418 1107 comoediae
1441 1074 1499 1106 te-

821 1142 951 1182 krates,
991 1142 1114 1176 Lehrer
1150 1143 1208 1176 der
1245 1144 1496 1177 berfihmtesten

821 1186 970 1229 Manner,
985 1189 1044 1221 mit
1059 1188 1122 1221 den
1133 1188 1400 1222 hedeutendsten
1413 1189 1499 1222 Zeit-

123 1144 175 1176 80.
194 1143 391 1175 Demetrius
408 1153 474 1176 von
493 1142 669 1184 Phaleron,
687 1145 750 1176 317

80 1188 129 1220 bis
145 1189 207 1221 307
222 1198 253 1221 r.
269 1187 341 1220 Chr.
369 1187 435 1221 fast
451 1187 753 1221 unumschrimkter

78 1232 278 1266 Statthalter
294 1232 326 1265 in
341 1233 450 1266 Athen
465 1235 543 1273 (360
556 1233 751 1266 Erzstatuen

78 1277 215 1311 wurden
242 1277 308 1311 ihm
335 1279 521 1321 errichtet),
555 1278 675 1312 darauf
696 1288 751 1321 ge-

76 1325 193 1363 stfirzt,
218 1322 296 1356 fand
314 1324 346 1356 in
364 1324 522 1367 Agypten
544 1323 751 1357 freundliche

76 1367 264 1401 Aufnahme
289 1367 455 1411 (Stistung
480 1368 537 1402 der
558 1368 751 1402 Bibliothek

77 1413 110 1445 in
142 1412 376 1455 Alexandria),
411 1414 590 1456 gestorben
624 1416 687 1448 283
712 1414 752 1446 'in

77 1457 314 1501 oberagypten
340 1459 372 1491 in
391 1458 449 1491 der
466 1458 694 1501 Verbannung
711 1469 751 1491 an

77 1502 150 1536 dem
169 1502 382 1537 3155001001
400 1504 577 1546 Schlange.
619 1503 662 1536 Er
681 1504 753 1547 galt

76 1548 128 1581 fur
153 1547 218 1581 den
243 1548 470 1591 gebildetsten
495 1549 658 1583 Grieclien
689 1550 753 1582 sei-

78 1603 136 1626 ner
161 1593 242 1627 Zeit.

122 1638 240 1679 illum,
265 1638 323 1672 der
348 1639 434 1672 oben
460 1641 479 1681 ξ
505 1641 547 1673 33
573 1640 677 1672 sehon
703 1650 754 1673 er-

77 1683 192 1716 wiihnt
215 1683 269 1716 ist.

121 1729 320 1769 inclinasse,
340 1725 428 1762 ‘zum
448 1728 574 1763 Sinken
592 1730 753 1772 gebracht

78 1768 209 1812 haben',
243 1773 427 1813 ω
454 1778 484 1815 9,
511 1777 552 1809 38
585 1779 660 1817 sagt
685 1785 752 1807 von

78 1818 163 1851 ihm:
198 1819 262 1851 Hic
286 1821 426 1861 primus
455 1821 595 1859 inlleoeit
621 1822 754 1853 oratio-

77 1874 154 1895 nem
191 1866 224 1895 et
254 1874 328 1896 eam
358 1864 493 1897 mollem
529 1867 754 1907 teneramque

76 1908 242 1941 reddidit.

123 1953 235 1986 medio
254 1954 396 1986 dicendi
407 1964 548 1996 genere,
566 1966 592 1988 5.
607 1965 647 1988 zu
666 1955 686 1998 ξ
702 1957 756 1990 52.

79 1999 145 2031 Cic.
172 1998 212 2031 de
239 1998 293 2032 off.
319 1999 342 2039 1,
371 2002 399 2039 1,
424 2001 454 2031 23.

124 2043 255 2085 Cicero,
273 2044 314 2077 de
328 2049 412 2078 orat.
426 2044 461 2085 ll,
477 2046 528 2077 23.
544 2046 584 2077 95
600 2047 755 2078 omnium

76 2091 225 2121 istorum
237 2099 314 2121 mea
329 2092 504 2122 sententia
511 2090 756 2132 politissimus,

77 2132 166 2167 Orat.
190 2135 243 2175 27,
261 2136 304 2168 92
328 2144 404 2167 meo
422 2135 554 2168 iudicio
575 2138 758 2177 praestitit

79 2181 235 2211 caeteris.

114 2226 176 2262 81.
203 2224 248 2257 Μ.
269 2223 415 2267 Tullius,
441 2223 530 2258 Orat.
549 2227 578 2265 3,
601 2227 659 2259 12:
683 2226 755 2259 Fa-

79 2271 154 2301 teor
168 2279 223 2301 me
241 2272 430 2312 oratorem,
447 2272 478 2302 si
493 2271 596 2303 modo
613 2273 679 2303 sim
693 2275 756 2304 aut

77 2315 182 2346 etiam
199 2317 408 2358 quicumque
423 2317 500 2357 sim,
525 2326 594 2348 non
617 2327 662 2348 ex
678 2317 755 2348 rhe-

79 2361 195 2391 torum
219 2358 374 2399 officinis
397 2361 458 2393 sed
481 2372 526 2393 eoe
542 2361 756 2394 Academiae

77 2405 204 2445 spatiis
227 2407 395 2440 extitisse.

125 2448 244 2489 Plato,
278 2450 426 2492 gehoren
451 2452 512 2484 427
541 2461 574 2484 v.
599 2451 672 2484 Chr.
699 2461 755 2494 ge-

79 2493 216 2527 storben
251 2495 314 2528 348
352 2505 392 2528 311
432 2496 558 2529 50100111
596 2495 754 2530 Geburts-

81 2544 175 2582 tage.
201 2537 259 2571 der
284 2539 408 2581 grofste
434 2540 574 2574 801111101-
606 2541 664 2574 (105
694 2540 755 2574 So-

822 1242 990 1275 genossen
1015 1233 1234 1267 verkehrend.

865 1281 936 1310 sive
960 1298 1002 1302 —
1026 1281 1113 1320 sive,
1150 1280 1411 1322 ungewohnlich
1443 1290 1499 1324 ge-

821 1323 962 1356 braucht
980 1323 1067 1357 ohne
1088 1323 1231 1357 Verbum
1250 1325 1281 1358 in
1301 1327 1408 1359 einem
1427 1336 1499 1359 ver-

822 1368 960 1401 kfirzten
989 1368 1097 1402 Satze.

868 1414 1064 1455 Homerica,
1090 1415 1155 1457 vgl.
1182 1415 1201 1455 ξ
1226 1417 1279 1449 48.
1305 1417 1357 1449 65.

864 1459 1076 1501 pedestrem,
1108 1458 1219 1501 πεζὸν
1244 1458 1367 1505 λόγονι
1391 1472 1498 1503 prosa

822 1503 888 1536 und
909 1505 1082 1546 pedestris
1101 1508 1214 1538 oratio
1233 1506 1380 1548 gehoren
1402 1506 1499 1539 beide

822 1548 880 1582 der
905 1551 1060 1592 spateren
1086 1550 1157 1583 Zeit
1183 1561 1242 1593 an,
1277 1551 1390 1584 Cicero
1425 1557 1499 1594 sagt

824 1597 938 1627 oratio
963 1596 1090 1628 soluta.

871 1640 1030 1682 Delphici
1041 1660 1085 1664 —
1100 1641 1165 1682 dei,
1185 1641 1252 1684 vgl.
1268 1642 1335 1676 Cic.
1354 1642 1394 1675 de
1411 1642 1500 1685 legg.

825 1688 853 1723 1,
871 1687 929 1719 22:
949 1688 1133 1728 praecepti
1150 1690 1249 1719 tanta
1275 1689 1327 1719 vis
1344 1705 1389 1711 —-
1406 1690 1445 1719 ut
1460 1698 1500 1719 ea

822 1741 892 1763 non
917 1731 1052 1763 homini
1076 1733 1231 1773 cuipiam
1255 1733 1316 1765 sed
1330 1733 1501 1775 Delphico

823 1776 886 1808 deo
912 1777 1138 1809 tribueretur.

870 1822 922 1853 82.
948 1821 973 1847 ι’
1111 1832 1144 1860 n,
1164 1832 1223 1854 aus
1241 1821 1316 1854 dem
1334 1822 1501 1856 attischen

824 1865 946 1898 Demos
964 1865 1092 1905 Erchia,
1119 1867 1194 1908 geb.
1221 1877 1276 1899 um
1286 1868 1501 1910 Q.

825 1910 966 1943 Schfiler
980 1910 1038 1943 des
1049 1910 1221 1952 Sokrates,
1233 1912 1389 1945 herfihmt
1398 1913 1501 1945 durch

827 1956 919 1988 seine
944 1955 1141 1989 Teilnahme
1166 1966 1207 1989 30
1233 1957 1308 1990 (1001
1326 1957 1417 2001 Zuge
1442 1958 1502 1991 des

821 2001 988 2043 jiingeren
1007 2000 1128 2044 Kyros,
1155 2012 1274 2044 wegen
1297 2003 1407 2036 seiuer
1422 2002 1501 2036 Hin-

826 2046 974 2088 neigung
998 2056 1074 2078 zum
1099 2046 1321 2081 Lakonismus
1339 2050 1403 2082 399
1428 2058 1502 2081 ver-

825 2091 946 2132 1131101,
977 2091 1067 2124 lebte
1102 2091 1189 2124 dann
1220 2093 1252 2125 in
1285 2092 1415 2127 Skillus
1447 2093 1501 2126 bei

825 2135 906 2178 Elis,
931 2136 1050 2169 darauf
1068 2137 1100 2169 iu
1121 2136 1271 2180 Korinth,
1296 2139 1501 2172 schliefslich

825 2181 886 2214 mit
911 2182 1021 2214 Athen
1050 2183 1275 2225 ausgesohnt,
1309 2185 1399 2216 starl)
1425 2185 1502 2217 355.

870 2229 909 2258 ut
932 2246 975 2250 —
1002 2227 1205 2268 videantur,
1225 2228 1292 2270 vgl.
1319 2229 1384 2262 Cic.
1412 2228 1501 2261 Orat.

830 2274 878 2307 19.
911 2273 951 2305 62
993 2272 1235 2315 Xenophontis
1285 2284 1344 2306 ore
1386 2274 1502 2306 Jlusas

826 2319 928 2358 quasi
952 2317 1087 2350 locutas
1110 2317 1244 2357 ferunt.

870 2362 1013 2394 Pericle.
1052 2362 1135 2395 Plin.
1155 2362 1214 2405 Ep.
1232 2362 1256 2402 l,
1275 2365 1327 2397 20.
1347 2366 1403 2396 17:
1429 2363 1503 2397 Nec

824 2417 877 2439 me
911 2409 1084 2448 praeterit
1117 2418 1289 2440 summum
1327 2412 1502 2441 oratorem

824 2451 991 2484 Periclem
1024 2454 1076 2484 sic
1108 2463 1128 2484 a
1164 2456 1295 2485 comico
1328 2454 1504 2496 Eupolide

825 2496 970 2528 laudari
994 2514 1036 2525 =
1060 2496 1192 2530 Πειθώ
1220 2507 1271 2531 τις
1296 2497 1503 2540 ἐπεκάθητο

824 2543 917 2574 τοῖσι
942 2539 1106 2582 χείλεσιν.

1526 228 1565 261 80

1528 621 1564 654 81

1529 903 1568 936 82
