1720 2848
180 87 234 126 56
701 88 842 122 CAPUT
867 89 904 122 11.
928 91 947 132 ς
972 92 1070 123 2—7.

180 206 418 255 docentium,
434 207 606 259 pictores
623 219 741 258 opera
757 208 945 258 priorum,
963 208 1095 247 rustici
1113 208 1314 259 probatam
1332 211 1599 260 experimento

182 264 372 303 culturam
392 263 431 302 in
455 263 673 316 exemplum
696 264 920 311 intuentur;
943 263 1070 303 omnis
1091 265 1259 316 denique
1279 265 1505 316 disciplinae
1527 265 1600 304 ini-

182 320 233 360 tia
256 321 300 360 ad
323 321 567 372 propositum
585 320 657 359 sibi
676 321 961 371 praescriptum
979 321 1137 360 formari
1152 321 1337 360 videmus.
1378 321 1426 360 Et
1443 322 1600 361 hercule

183 390 343 416 necesse
365 383 421 416 cst
442 383 507 416 aut
528 376 673 416 similes
693 383 759 415 aut
779 376 982 416 dissimiles
1009 376 1124 416 bonis
1144 378 1276 417 simus.
1318 378 1491 417 Similem
1512 390 1601 418 raro

183 440 322 473 natura
343 439 524 486 praestat,
546 434 774 484 frequenter
794 433 969 472 imitatio.
1012 433 1086 473 Sed
1108 434 1183 473 hoc
1206 435 1345 486 ipsum,
1368 435 1471 486 quod
1494 441 1601 474 tanto

183 491 394 530 faciliorem
418 491 530 529 nobis
551 490 743 529 rationem
766 502 896 528 rerum
920 490 1096 529 omnium
1116 491 1206 529 facit
1227 504 1342 542 quam
1364 492 1432 530 suit
1457 492 1514 537 iis,
1537 491 1603 542 qui

183 547 280 586 nihil
300 547 404 598 quod
426 553 687 597 sequerentur
708 546 943 594 habuerunt,
976 547 1048 586 nisi
1069 554 1181 586 caute
1204 554 1241 586 et
1262 560 1349 586 cuin
1373 549 1514 587 iudicio
1536 548 1603 586 ad-

179 604 448 656 prehenditur,
472 609 598 642 nocet.

295 661 394 699 Ante
416 660 547 699 omnia
568 660 685 711 igitur
706 660 867 699 imitatio
890 672 962 712 per
988 672 1029 699 se
1051 660 1130 711 ipsa
1154 672 1233 699 non
1257 660 1412 707 sufficit,
1434 661 1493 700 vel
1514 662 1603 712 quia

183 717 286 768 pigri
307 724 365 756 est
385 717 531 769 ingenii
554 723 785 756 contentum
807 729 890 757 esse
921 716 978 764 iis,
1009 729 1106 767 qnae
1136 717 1213 755 sint
1242 717 1288 755 ab
1322 717 1404 756 aliis
1434 717 1603 757 inventa.

185 773 287 819 Quid
309 774 413 812 enini
436 775 610 813 futurum
634 781 717 813 erat
738 773 981 825 temporibus
1003 773 1087 819 illis,
1112 786 1209 824 quae
1227 773 1311 812 sine
1327 774 1504 825 exemplo
1521 775 1604 814 sue-

185 836 290 877 runt,
313 830 343 868 si
367 831 546 869 homines
563 830 658 869 nihil
678 830 750 869 nisi
773 831 875 881 quod
894 830 967 869 iam
986 830 1272 881 cognovissent,
1292 830 1510 870 faciendum
1533 831 1605 869 sihi

184 893 250 925 aut
271 887 523 938 cogitandum
546 885 778 938 putassent?
813 887 961 937 Nempe
991 886 1085 925 nihil
1116 887 1249 925 fuisset
1273 887 1485 925 inventum.
1529 887 1606 926 Cur

185 944 303 995 igitur
333 944 440 982 nefas
471 950 528 982 est
559 943 722 994 reperiri
752 943 894 994 aliquid
925 955 943 980 a
967 942 1094 989 nobis,
1122 943 1224 993 quod
1248 950 1335 982 ante
1359 956 1438 982 non
1462 942 1606 983 suerit?

184 1002 241 1038 An
267 1000 319 1038 illi
341 999 458 1038 rudes
479 1000 560 1038 sola
581 999 724 1038 mentis
747 1006 885 1038 natura
907 999 1012 1037 ducti
1034 1005 1125 1037 sunt
1146 999 1185 1037 in
1208 1000 1294 1046 hoc,
1327 1006 1368 1038 ut
1389 1006 1462 1038 tam
1487 1000 1606 1039 multa

184 1062 443 1107 generarent:
476 1069 547 1095 nos
569 1056 614 1094 ad
637 1056 904 1107 quaerendum
926 1068 1005 1094 non
1033 1068 1077 1094 eo
1100 1055 1184 1106 ipso
1216 1056 1472 1103 concitemur,
1504 1057 1607 1107 quod
1644 1089 1647 1091 .

184 1120 289 1152 certe
311 1113 456 1152 scimus
471 1113 667 1153 invenisse
684 1125 762 1159 eos,
785 1113 849 1163 qui
867 1110 1148 1164 quaesierunt?
1170 1111 1217 1150 Et
1239 1124 1327 1150 cum
1344 1112 1408 1159 illi,
1431 1113 1496 1163 qui
1521 1113 1608 1152 nul-

185 1170 263 1208 lum
291 1170 521 1220 cuiusquam
550 1170 605 1208 rei
635 1169 861 1208 hahuerunt
889 1169 1131 1220 magistrum,
1160 1169 1327 1220 plurima
1359 1169 1398 1208 in
1430 1175 1610 1220 posteros

187 1226 435 1265 tradiderint:
473 1225 586 1265 nohis
618 1239 710 1266 usus
747 1227 909 1265 aliarum
940 1238 1072 1264 rerum
1101 1225 1147 1264 ad
1180 1226 1372 1264 eruendas
1401 1225 1493 1265 alias
1526 1239 1607 1265 non

185 1283 373 1335 proderit,
405 1283 471 1322 sed
501 1283 595 1322 nihil
618 1282 848 1322 habebimus
869 1282 942 1322 nisi
964 1281 1144 1321 beneficii
1167 1280 1310 1321 alieni?
1346 1282 1608 1328 Quemadmo-

186 1340 277 1378 dum
300 1339 455 1406 (ἕψω
477 1339 647 1391 pictores
668 1340 707 1379 in
737 1340 774 1379 id
805 1339 930 1379 solum
962 1339 1132 1385 student,
1155 1344 1197 1377 ut
1218 1338 1438 1378 describere
1460 1339 1608 1379 tabulas

137 1402 155 1433 7
184 1381 382 1435 ffieffluris
403 1409 446 1436 ac
468 1396 581 1436 lineis
603 1397 740 1436 sciant.
781 1396 911 1448 Turpe
934 1396 1047 1435 etiam
1070 1395 1163 1434 illud
1180 1402 1249 1443 est,
1271 1401 1503 1435 contentum
1525 1408 1609 1435 esse

186 1453 222 1492 id
245 1454 447 1504 consequi,
480 1454 584 1504 quod
614 1453 788 1492 imiteris.
828 1453 923 1492 Nam
956 1464 1091 1491 rursus
1122 1451 1214 1502 quid
1249 1457 1330 1490 erat
1360 1452 1548 1498 futurum,
1579 1453 1608 1492 si

187 1521 302 1548 nemo
327 1509 413 1561 plus
434 1510 626 1549 effecisset
646 1523 705 1557 eo,
728 1522 844 1561 quem
865 1506 1131 1560 sequebatur?
1162 1508 1263 1546 Nihil
1285 1508 1322 1547 in
1346 1509 1472 1559 poetis
1491 1521 1610 1560 supra

186 1566 335 1605 Livium
359 1566 640 1613 Andronicum,
671 1567 768 1605 nihil
797 1566 836 1605 in
867 1565 1038 1605 historiis
1059 1577 1175 1616 supra
1198 1565 1428 1616 pontificum
1451 1565 1610 1605 annales

232 1644 262 1676 2.
278 1643 325 1675 acl
335 1662 377 1667 —
387 1645 660 1685 praescriptwn.
687 1644 778 1677 Nach
793 1644 864 1677 der-

187 1688 304 1721 selben
335 1687 587 1731 Sprachweise.
623 1690 687 1723 wie
720 1691 740 1731 ξ
769 1691 781 1722 1
818 1690 865 1722 ad

186 1733 396 1776 eoeemplmn.
445 1733 520 1776 vgl.
547 1738 576 1774 5,
602 1736 631 1767 2.

232 1781 263 1812 4.
291 1779 352 1820 vel,
375 1777 510 1822 ‘sogar'.
535 1776 677 1818 ‘schon',
702 1780 747 1812 ist
763 1790 866 1822 unge-

187 1824 368 1857 wolinlich.

236 1870 328 1910 Quid
342 1889 386 1893 —
408 1870 573 1909 futurum
599 1873 686 1912 erat,
710 1870 778 1913 vgl.
797 1870 818 1912 ξ
837 1872 867 1902 7.

233 1918 263 1948 5.
288 1914 421 1957 Nempe
435 1913 535 1949 ‘doch
553 1913 674 1956 wohl'‚
693 1916 780 1949 ohne
800 1916 864 1948 iro-

190 1961 305 1993 nische
328 1960 492 2003 Farbung,
518 1961 768 1994 unterscheidet
793 1961 864 1994 sich

189 2015 255 2038 von
287 2007 475 2048 nimirum,
511 2006 645 2039 scilicet
678 2006 744 2039 und
775 2007 867 2038 vide-

189 2051 281 2091 licet,
305 2050 416 2083 indem
442 2062 489 2092 eS‚
514 2052 613 2084 meist
638 2052 687 2084 als
708 2051 865 2084 Antwort

189 2095 248 2128 auf
272 2095 415 2137 Fragen.
448 2096 506 2129 das
532 2096 777 2138 Zugestiindnis
807 2096 866 2129 des

190 2140 315 2173 andern
350 2141 523 2174 bestimmt
555 2146 730 2179 erwartet,
762 2152 787 2174 s.
814 2141 867 2173 El-

189 2185 446 2230 lendt—Seyffert
470 2186 491 2229 ξ
517 2189 579 2219 347
607 2187 704 2220 Anni.
729 2188 758 2219 ⁶2.

237 2231 360 2271 rudes,
393 2231 477 2264 wird
507 2231 633 2265 erklart
664 2231 767 2264 durch
797 2232 815 2273 ᾖ
845 2233 865 2263 4

191 2278 406 2319 temporibus
430 2277 519 2319 illis,
544 2288 633 2319 qnae
655 2279 730 2309 sine
754 2287 868 2309 exem-

183 2322 245 2364 plo
268 2321 428 2361 fuerunt.

236 2369 266 2402 6.
299 2370 524 2409 cuiusquam,
555 2366 775 2400 abweichend
801 2377 868 2399 von

190 2412 265 2445 dem
283 2413 542 2455 gewohnlichen
557 2412 764 2451 Gebrauche,
783 2412 868 2445 nach

190 2457 265 2490 dem
284 2468 320 2491 es
339 2469 399 2491 nur
416 2469 456 2491 zu
475 2458 582 2491 einem
601 2457 868 2497 substantivum,

192 2503 340 2536 welches
381 2503 455 2535 eine
494 2502 620 2536 Person
662 2503 869 2543 bezeichnet,

193 2548 274 2580 tritt.
300 2547 367 2590 vgl.
388 2550 418 2590 Τ,
433 2549 461 2581 3.
488 2547 541 2586 lV,
563 2551 665 2589 1,10;
693 2551 729 2580 in
755 2558 870 2590 quem-

933 1653 1038 1686 quam
1062 1642 1237 1674 hominem
1262 1642 1474 1675 ordinemve.

978 1699 1073 1728 usus,
1096 1683 1319 1729 ‘Ersahrung’.
1344 1682 1544 1721 ‘Kenntnis’.

980 1734 1141 1773 beneficii
1177 1733 1301 1772 alieni,
1344 1732 1396 1765 ein
1434 1732 1609 1767 Genitivus

935 1779 1109 1821 qualitatis
1135 1778 1304 1820 abhangig
1323 1788 1389 1810 von
1408 1778 1507 1812 nihil.
1533 1789 1607 1811 man

936 1825 1075 1866 erganzt
1100 1823 1194 1866 qnod
1216 1825 1272 1864 sit,
1297 1823 1365 1865 vgl.
1391 1826 1421 1863 5,
1446 1826 1474 1856 1.

982 1872 1018 1901 in
1032 1869 1079 1910 id,
1093 1869 1167 1902 eine
1181 1871 1275 1901 sonst
1289 1868 1343 1901 bei
1359 1869 1502 1901 studere
1519 1869 1611 1902 nicht

933 1914 1068 1948 ubliche
1117 1913 1377 1948 Konstruktion.
1429 1914 1513 1947 nach
1552 1913 1611 1948 der

934 1960 1099 2001 Analogie
1123 1969 1189 1992 von
1215 1960 1282 1990 niti
1305 1970 1336 1992 u.
1357 1959 1426 2001 dgl.
1450 1959 1609 2001 gebildet,

934 2006 1020 2038 doch
1038 2005 1124 2037 noch
1147 2004 1269 2037 einmal
1296 2004 1348 2037 bei
1367 2004 1479 2042 Quint.
1496 2004 1561 2042 ΧΠ,
1580 2006 1610 2043 6,

935 2052 971 2084 6:
998 2054 1032 2082 ιή
1060 2060 1164 2091 quam
1188 2060 1261 2081 rem
1284 2049 1494 2081 studendum
1518 2051 1575 2081 sit.

981 2098 1011 2128 7.
1036 2095 1178 2127 Livium
1194 2094 1450 2135 Andronicum,
1470 2104 1530 2127 aus
1547 2093 1611 2126 Ta-

936 2144 1023 2180 rent,
1057 2139 1115 2172 der
1139 2143 1227 2172 erste
1257 2139 1424 2172 romische
1448 2138 1611 2182 Tragiker

934 2185 1001 2218 und
1033 2184 1277 2217 Schriftsteller
1311 2184 1517 2227 uberhaupt,
1555 2195 1610 2217 um

934 2232 998 2264 240
1024 2241 1055 2263 v.
1081 2230 1154 2262 Chr.

929 2271 1186 2318 ’Ἶιῗῆΐὶῒῆοηνη
1200 2275 1355 2306 annales.
1379 2273 1517 2307 Hiermit
1527 2284 1611 2307 wer-

935 2320 998 2354 den
1017 2320 1070 2353 die
1084 2330 1161 2352 vom
1177 2319 1343 2362 pontifeoe
1359 2321 1536 2351 maximus
1555 2330 1611 2352 an-

937 2366 1138 2408 gelertigten
1183 2365 1328 2397 annales
1366 2366 1517 2397 maxime?
1556 2365 1613 2398 be-

937 2411 1102 2451 zeichnet‚
1120 2410 1195 2443 eine
1208 2409 1421 2452 Auszahlung
1435 2410 1494 2443 der
1510 2409 1614 2443 denk-

939 2456 1146 2497 wiirdigsten
1164 2455 1436 2497 Begebenheiten
1461 2455 1513 2488 bis
1538 2465 1612 2488 zum

938 2500 1123 2535 Pontifikat
1141 2500 1200 2533 des
1217 2499 1346 2533 Mucius
1367 2500 1509 2534 Sc'avola
1527 2502 1607 2545 3130

939 2557 971 2579 v.
997 2546 1085 2583 Chr.)
1112 2545 1318 2588 sortgesetzt.
