1720 2848
608 133 749 167 CAPUT
776 132 809 168 11.
836 136 856 177 ξ
887 136 1024 167 16-18,
1473 132 1525 169 59

107 252 294 297 ultantes,
333 249 572 301 simplicibus
610 249 871 300 neglegentes.
930 248 1097 298 {deoque
1127 248 1191 298 qui
1224 247 1379 285 horride
1413 254 1527 298 atque

110 307 364 359 incomposite
386 305 574 356 quidlibet
589 305 681 344 illud
705 305 887 355 frigidum
910 311 948 343 et
965 305 1081 343 inane
1098 304 1336 350 extulerunt,
1359 304 1528 354 antiquis

107 377 147 403 sc
171 377 282 416 pares
304 362 490 409 credunt;
527 362 589 413 1111”
625 368 763 456 0111191311
790 362 894 400 0111111
925 367 1041 411 atque
1063 360 1279 405 sententiis,
1303 360 1416 410 Qi
1438 367 1529 398 sunt

107 421 272 467 scilicet;
296 418 479 470 praecisis
501 375 704 457 enull'slsio
738 430 825 456 tius
856 418 1009 456 obscuri
1034 417 1260 455 Sallustium
1283 423 1398 467 atque
1421 417 1527 454 Thu-

106 476 281 528 cydidem
302 481 501 525 superant,
524 475 652 513 tristes
674 487 717 513 ac
746 475 865 513 ieiuni
891 473 1104 512 l’ollionem
1127 473 1393 520 aemulantur;
1417 473 1527 511 otiosi

107 540 145 572 et
165 531 306 583 supini,
329 531 359 569 si
382 531 471 581 quid
496 532 610 569 modo
628 531 784 580 longius
814 530 1172 575 circumduxerunt,
1195 531 1325 568 iurant
1346 530 1396 568 ita
1418 529 1526 568 Cice-

107 600 241 627 ronem
265 587 485 626 locuturum
509 588 639 626 fuisse.
690 587 877 626 Noveram
901 587 1100 638 quosdam,
1124 587 1188 637 qui
1211 599 1251 625 sc
1274 586 1437 637 pulchre
1460 598 1525 624 ex-

102 679 206 718 0111110
243 676 508 711 lasciviant,
541 676 660 717 quales
694 675 777 707 illae

102 721 315 753 Maecenatis
324 734 334 752 .·
353 721 431 753 Sole
449 724 482 752 et
499 731 633 753 aurora
650 722 778 752 rubent

98 766 266 808 plurima.

151 814 198 844 17.
224 811 393 854 quidlibet
410 811 501 843 illud
515 810 702 851 frigidum,
726 809 777 841 fiir

101 857 191 889 illud
212 868 242 898 q.
259 856 306 895 fr.
328 855 487 889 bedentet
511 857 670 897 quamvis
688 854 778 886 illud

104 902 198 943 quod
221 902 427 933 eaetulerunt
450 903 496 932 sit
520 900 708 941 frigidum.

146 948 361 988 extulerunt,
387 945 456 978 scil.
483 945 631 978 (licendo
659 945 725 987 vgl.
752 944 773 985 l,

102 994 193 1030 5.16
226 992 321 1034 quod
349 991 509 1034 pluralia
542 991 776 1032 singulariter

101 1041 133 1069 et
167 1037 370 1077 singularia
404 1036 594 1078 pluraliter
624 1036 776 1075 efferun-

99 1086 170 1114 tur.
619 1117 631 1122 η

145 1129 303 1169 antiquis
330 1147 373 1150 —
407 1127 562 1158 credunt.
613 1125 776 1158 Abnliche

98 1172 276 1205 verkehrte
287 1171 556 1213 Anschauungen
571 1170 706 1203 werden
722 1180 777 1212 ge-

103 1220 178 1260 riigt
193 1217 231 1258 V,
246 1219 296 1258 14,
307 1218 347 1250 32
359 1227 447 1259 quae
461 1217 636 1259 adprensa
651 1215 775 1247 Gracci

100 1265 214 1305 magis
239 1281 280 1286 —-
307 1264 343 1294 in
361 1265 502 1294 catenas
531 1262 646 1302 ligant
670 1264 703 1292 et
724 1263 775 1292 in-

99 1308 305 1351 explicabili
320 1310 410 1340 serie
427 1309 613 1339 conectunt
625 1309 658 1337 et
675 1306 776 1337 indu-

98 1354 209 1385 bitata
241 1353 414 1395 colligunt
446 1355 477 1384 et
511 1353 664 1394 probant
696 1362 775 1383 con-

96 1396 189 1436 fessa
220 1401 253 1429 et
280 1408 315 1429 se
351 1398 506 1439 antiquis
532 1407 598 1438 per
633 1398 697 1428 hoc
731 1399 776 1427 si-

96 1443 190 1475 milis
226 1445 364 1483 vocant,
402 1443 526 1474 deinde
562 1444 778 1483 interrogati

95 1498 288 1530 numquam
300 1488 568 1530 respondebunt,
581 1497 683 1528 quem
695 1488 772 1518 imi-

99 1536 230 1566 tentur.

142 1580 334 1611 sententiis,
375 1577 435 1610 Die
459 1580 693 1620 sogenannten
719 1578 771 1608 lu-

96 1625 193 1656 mina
219 1625 409 1660 orationis:
435 1623 502 1665 vgl.
529 1622 551 1663 Ι,
576 1624 630 1663 90,
659 1623 732 1656 129.

141 1669 263 1709 Attici,
289 1678 313 1701 S.
344 1671 371 1704 1,
393 1670 454 1701 44:
480 1668 544 1700 Zur
570 1667 677 1700 Sache
702 1666 771 1709 vgl.

96 1713 162 1753 ΧΠ,
180 1716 230 1754 10,
249 1715 287 1747 16
308 1714 355 1746 Et
371 1715 518 1755 antiqua
545 1714 683 1755 quidem
709 1712 770 1744 illa

95 1759 223 1791 divisio
248 1760 343 1790 inter
374 1759 510 1790 Atticos
539 1761 644 1800 atque
670 1758 770 1789 Asia-

95 1814 158 1836 nos
181 1804 262 1842 fuit,
288 1814 367 1836 cum
385 1805 422 1835 bi
444 1805 559 1845 pressi
579 1806 613 1834 et
627 1804 772 1844 integri,

97 1851 221 1881 contra
246 1850 364 1888 inflati
389 1848 443 1880 illi
466 1851 500 1879 et
522 1851 645 1880 inanes
670 1849 771 1880 babe-

97 1896 242 1934 rentur,
266 1895 304 1925 in
331 1895 384 1925 liis
407 1894 500 1925 nihil
529 1894 771 1935 superflueret,

97 1939 165 1971 illis
196 1938 367 1970 iudicium
398 1940 552 1971 maa-ime
581 1949 622 1970 ac
649 1939 772 1970 modus

96 1984 240 2024 deesset,
273 1983 341 2016 und
368 1985 405 2016 21
438 1984 659 2026 Quapropter
682 1984 772 2015 mila·

93 2027 177 2068 falli
204 2029 352 2060 multum
378 2029 560 2063 videntur,
595 2031 656 2071 qui
679 2029 772 2061 30103

96 2085 166 2106 esse
188 2075 327 2106 Atticos
352 2074 499 2106 credunt
524 2076 639 2106 tenuis
663 2077 696 2105 et
721 2074 771 2105 lu-

96 2119 191 2152 cidos
216 2123 249 2151 et
270 2119 509 2161 significantis
533 2120 594 2151 sed
618 2119 770 2161 quadam

93 2165 313 2207 eloquentiae
347 2163 562 2206 fmtgalitate
593 2167 771 2196 contentos

95 2220 136 2242 ac
163 2220 298 2252 semper
327 2220 472 2242 manum
494 2212 592 2242 intra
618 2209 770 2251 pallium

96 2257 318 2287 continentis⁴

139 2300 527 2341 scilieet,l1inzugesetzt
542 2310 599 2332 zur
609 2299 768 2332 Bezeich-

96 2353 186 2386 nung
210 2344 267 2377 der
282 2344 401 2387 lronie,
426 2345 480 2377 die
503 2345 548 2377 im
567 2344 697 2377 Wahne
717 2345 770 2385 je.-

95 2399 153 2422 ner
178 2388 268 2431 liegt.

133 2435 326 2476 praecisis,
349 2435 418 2477 vgl.
443 2435 497 2474 IV,
523 2437 553 2473 2,
581 2438 620 2469 4¹1
648 2434 769 2478 Neque

93 2479 182 2511 milti
212 2489 376 2522 umquam
409 2483 510 2513 tanta
541 2480 652 2520 fuerit
681 2491 768 2512 cura

95 2525 287 2564 brevitatis,
310 2528 351 2556 ut
373 2536 443 2558 non
468 2537 518 2563 ea.
544 2537 634 2568 quae
658 2525 768 2558 eredi-

95 2569 195 2601 bilem
212 2568 354 2608 faciunt
370 2572 634 2614 eoepositionem,
658 2572 770 2603 inseri

848 676 957 708 velim.
1008 675 1166 716 Silnplea:
1198 677 1289 706 enim
1313 678 1346 706 ec
1370 675 1526 716 undiquc

843 722 1006 762 praecisa
1030 731 1101 751 non
1127 723 1197 751 tam
1215 721 1379 752 narratio
1406 721 1528 752 vocari

844 768 961 808 potest
985 775 1089 806 quam
1116 764 1298 803 confessio.

892 810 1193 848 conclusionibus,
1232 810 1298 851 vgl.
1325 820 1365 841 zu
1393 813 1423 846 1,
1453 811 1525 843 106.

893 857 1044 895 obscuri,
1070 855 1137 896 vgl.
1157 854 1235 894 Vlll,
1250 856 1279 889 2.
1298 856 1337 887 19
1363 856 1428 886 alii
1451 856 1524 886 bre-

849 903 990 932 uitatem
1017 901 1187 932 aemulati
1216 902 1412 931 neces-saria
1441 910 1525 942 quo-

851 956 917 988 que
943 947 1098 978 orationi
1114 947 1328 977 subtrabunt
1351 946 1456 977 verba
1482 948 1525 986 et,

849 991 940 1022 velut
968 992 1055 1022 satis
1087 992 1134 1021 sit
1167 993 1257 1022 scire
1294 992 1404 1032 ipsos,
1441 991 1528 1032 quid

846 1037 962 1068 dicere
997 1035 1122 1076 velint,
1157 1039 1327 1078 quantum
1358 1035 1405 1066 acl
1435 1036 1525 1067 alios

845 1084 1033 1124 pertineat,
1055 1081 1161 1113 nihili
1182 1084 1321 1123 putant.

894 1126 1112 1166 Sallustium,
1139 1126 1208 1168 vgl.
1237 1129 1263 1166 1,
1290 1127 1342 1159 32.
1372 1127 1445 1158 102.
1470 1124 1524 1162 IV,

847 1173 878 1213 2,
892 1174 944 1205 45.
985 1172 1100 1212 Quare
1116 1172 1260 1203 vitanda
1277 1174 1328 1203 est
1340 1173 1446 1202 etiam
1462 1171 1525 1203 illa

846 1217 1064 1249 Sallustiana
1075 1217 1301 1259 (quamquam
1313 1219 1350 1248 in
1365 1218 1440 1258 ipso
1455 1220 1526 1249 vir-

846 1264 932 1295 tutis
966 1264 1099 1294 obtinet
1134 1263 1269 1302 locum)
1306 1263 1458 1293 brevitas
1493 1264 1527 1292 et

846 1310 1036 1349 abruptum
1059 1309 1230 1339 sermonis
1250 1318 1374 1348 genus,

895 1352 1144 1395 Thucydidem,
1170 1353 1239 1394 vgl.
1269 1355 1296 1392 1,
1322 1354 1376 1386 73.

891 1398 1094 1439 Pollionem,
1112 1398 1180 1440 vgl.
1198 1397 1248 1437 VI,
1265 1399 1294 1435 3,
1313 1401 1321 1431 1
1336 1400 1372 1431 10
1393 1398 1434 1431 de
1447 1399 1523 1431 Pol-

847 1445 940 1475 lione
957 1443 1082 1475 .·Isinio
1099 1445 1202 1475 scriis
1216 1446 1372 1485 iocisque
1379 1447 1520 1486 paritet·

841 1489 1101 1521 accommodato
1123 1489 1256 1521 dictum
1273 1493 1333 1531 est,
1352 1501 1422 1521 esse
1441 1501 1519 1522 eum

841 1536 996 1566 omnium
1021 1535 1202 1567 horarum.

885 1581 1014 1621 supini,
1039 1574 1272 1621 ‘gemachliclu
1293 1577 1460 1623 hequem’‚
1486 1581 1516 1613 111

841 1624 951 1658 dieser
963 1624 1418 1668 fibertragenenssedeutung
1432 1626 1517 1658 noch

843 1670 935 1702 nicht
960 1670 1013 1702 bei
1039 1669 1164 1703 Cicero.

888 1716 1215 1756 circumduxi-erunt,
1240 1716 1309 1758 vgl.
1337 1715 1392 1755 IX,
1407 1718 1437 1756 4,
1456 1718 1517 1749 124

840 1771 917 1792 eum
941 1771 1060 1792 sensus
1085 1771 1175 1792 unus
1197 1761 1359 1802 longiore
1384 1763 1518 1793 ambitu

838 1805 1131 1838 circumducitur.

889 1852 938 1883 18.
964 1849 1143 1882 Noveram
1169 1869 1209 1874 —
1234 1851 1409 1888 videatur,
1435 1851 1516 1883 {ihu-

840 1894 906 1927 lich
936 1895 969 1926 in
1003 1894 1081 1927 Tac.
1107 1895 1190 1928 Dial.
1226 1897 1266 1928 23
1302 1895 1360 1928 der
1392 1896 1517 1929 Tadler

840 1939 973 1972 Ciceros
998 1940 1109 1982 Aper,
1141 1941 1198 1973 der
1229 1944 1327 1973 unter
1360 1941 1516 1974 auderem

840 1985 925 2017 auch
939 1985 992 2017 die
1010 1985 1081 2018 hier
1099 1986 1272 2018 erwiibnte
1286 1985 1421 2019 Klausel
1434 1982 1518 2019 ‘esse

842 2026 1014 2062 videatur’
1041 2031 1222 2073 bespricbt.

885 2087 921 2107 se
936 2095 980 2099 —
1005 2078 1227 2118 empressisse,
1253 2076 1311 2109 der
1335 2076 1518 2110 Accusativ

840 2121 900 2152 mit
925 2120 998 2153 dem
1025 2121 1173 2154 Infinitiv
1197 2132 1282 2164 ganz
1308 2122 1516 2164 ungewohn-

840 2166 906 2198 licb
931 2166 1016 2199 nach
1042 2166 1117 2199 dem
1136 2167 1371 2209 personlichen
1393 2167 1516 2200 videri.

839 2210 994 2244 Dieselbe
1027 2211 1271 2245 Konstruktion
1308 2211 1413 2244 findet
1445 2213 1515 2245 sich

838 2256 1015 2289 bisweilen
1041 2257 1126 2289 nach
1143 2259 1232 2289 milzz'
1247 2258 1388 2289 videtur
1403 2257 1437 2289 in
1458 2257 1517 2290 der
1530 2261 1545 2277 'J‘

838 2300 1039 2343 Bedeutung
1052 2312 1118 2334 von
1134 2303 1350 2344 miltiplacet
1363 2311 1400 2334 so
1419 2305 1447 2343 1,
1461 2304 1515 2336 91.

838 2346 908 2379 Liv.
933 2346 1080 2385 XXXVI,
1106 2350 1156 2387 13,
1176 2349 1195 2379 9
1222 2349 1304 2389 quia
1332 2347 1516 2380 videbatur

838 2394 871 2422 et
894 2391 1102 2423 Limnaeum
1128 2392 1245 2424 eodem
1280 2395 1434 2434 tempore
1457 2403 1516 2435 op-

835 2439 995 2478 pugnari
1014 2447 1125 2478 posse.
1158 2436 1326 2479 Salt.1ug.
1345 2439 1398 2477 85,
1413 2439 1432 2470 2
1456 2439 1518 2470 sed

836 2483 926 2513 mibi
962 2484 1085 2514 contra
1134 2493 1173 2513 ea
1220 2483 1360 2514 videtur
1398 2501 1440 2506 —
1476 2494 1514 2515 eo

835 2529 971 2558 maiore
1007 2538 1092 2559 cura
1132 2528 1228 2559 illam
1266 2527 1517 2560 administrari

837 2582 941 2613 quam
968 2573 1052 2604 baec
1063 2574 1142 2614 peti
1158 2572 1289 2605 debere.
1329 2572 1395 2605 Cic.
1413 2572 1513 2606 Tusc.

1561 254 1596 286 17

1559 593 1597 625 18
