1720 2848
599 100 740 134 GAi‘c'r
765 100 785 133 1.
812 102 830 142 ξ
857 101 999 134 ‹ss—71.
1453 99 1503 136 37

93 218 227 256 tradita
249 223 352 263 sunt,
374 228 495 267 paene
517 215 609 266 ipsis
631 227 713 266 par,
744 222 782 254 et
802 215 965 254 dicendo
987 227 1030 253 ac
1053 215 1325 265 respondendo
1349 215 1504 254 cuilibet

94 287 243 318 eorum,
273 274 337 324 qui
367 274 527 311 fuerunt
555 271 593 310 in
627 273 711 310 foro
732 272 876 319 diserti,
903 270 1206 322 comparandus;
1229 270 1267 309 in
1290 270 1505 310 adfectibus

93 344 183 369 vero
205 342 293 369 eum
315 328 496 368 omnihus
518 328 638 366 mirus
654 334 736 367 tum
758 329 795 367 in
821 329 877 374 iis,
900 328 1020 379 quiin
1040 327 1286 366 miseratione
1310 334 1503 373 constant,

95 387 203 426 facile
225 385 468 437 praecipuus.
506 383 602 423 Eum
624 384 834 424 admiratus
856 385 1019 423 maxime
1041 390 1110 429 est,
1135 390 1176 422 ut
1195 396 1309 436 saepe
1332 390 1504 430 testatur,

95 451 128 483 et
153 448 320 488 secutus,
355 452 586 491 quamquam
616 441 652 480 in
687 453 805 493 opere
835 442 997 486 diverso,
1028 441 1315 485 Menander,
1352 441 1417 498 qui
1449 441 1505 480 vel

96 511 208 546 unus,
226 509 312 537 meo
329 496 484 547 quidem
504 497 656 544 iudicio,
679 498 885 548 diligenter
901 498 1022 536 lectus
1039 491 1084 536 ad
1102 494 1375 548 cuncffiss'quae
1393 509 1505 548 prae-

96 555 271 607 cipimus,
294 553 515 604 effingenda
539 554 723 602 sussiciat;
754 554 803 593 ita
825 567 979 593 omnem
1004 554 1098 593 vitae
1121 554 1327 605 imaginem
1348 566 1506 605 expres·

93 613 152 659 sit,
175 615 278 649 tanta
301 610 339 648 in
362 623 408 648 eo
430 610 652 649 inveniendi
675 611 785 662 copia
802 617 837 649 et
855 611 1063 662 eloquendi
1080 611 1252 658 facultas,
1273 610 1322 649 ita
1345 617 1403 649 est
1424 622 1506 649 om-

95 667 209 706 nibus
230 666 365 713 rebus,
388 667 579 717 personis,
602 667 816 706 adfectibus
837 667 1162 706 accommodatus.
1202 667 1280 706 Nec
1303 667 1398 706 nihil
1419 679 1510 718 pro-

95 724 194 763 fecto
216 723 396 762 viderunt
417 723 481 774 qui
504 723 710 769 orationes,
740 736 840 774 quae
862 723 1022 762 Charisii
1053 724 1201 762 nomini
1223 723 1467 765 addicuntur.
1489 735 1508 762 a

96 780 310 819 Menandro
333 780 495 831 scriptas
517 785 666 830 putant.
707 780 782 819 Sed
803 771 896 819 mihi
919 780 1035 831 longe
1057 780 1177 829 magis
1199 786 1332 818 orator
1353 780 1508 830 probari

96 838 135 876 in
154 849 272 888 opere
289 848 359 875 suo
377 836 537 883 videtur,
561 837 634 875 nisi
652 838 750 875 forte
772 842 838 876 aut
859 837 921 875 illa
942 836 1039 875 mala
1062 836 1215 882 iudicia,
1238 848 1335 887 quae
1358 836 1510 888 Epitre-

96 901 248 944 pontes,
271 892 484 943 Epicleros,
504 893 652 932 Locroe
669 892 825 940 habent,
843 899 908 932 aut
925 893 1195 932 meditationes
1212 892 1251 931 in
1270 892 1510 943 Psophodee,

94 950 339 995 Nomothete,
369 949 674 1000 Hypobolimaeo
705 962 783 988 non
817 949 999 988 omnibus
1027 949 1204 988 oratoriis
1227 950 1400 988 numeris
1421 955 1513 988 sunt

95 1005 308 1045 absolutae.
350 1005 432 1057 Ego
455 1012 583 1045 tamen
606 1006 692 1057 plus
719 1006 842 1045 adhuc
878 1005 1059 1057 quiddam
1082 1005 1313 1044 collaturum
1337 1018 1425 1043 eum
1447 1005 1513 1044 de-

97 1062 371 1101 clamatoribus
392 1069 499 1114 puto,
522 1063 707 1114 quoniam
730 1063 788 1102 his
812 1074 969 1101 necesse
1001 1068 1055 1100 est
1077 1062 1292 1101 secundum
1315 1062 1513 1101 condicio-

99 1132 187 1158 nem
210 1120 563 1158 controversiarum
585 1119 718 1171 plures
745 1119 874 1158 subire
906 1130 1106 1170 personas,
1135 1124 1301 1169 patrum,
1333 1119 1514 1160 filiorum,

143 1230 416 1272 comparandus,
470 1230 772 1272 gleichhedeutend

99 1276 159 1308 mit
185 1275 481 1317 aequiparandus.

140 1320 259 1359 facile,
275 1316 413 1361 ‘leicht‘,
429 1315 641 1362 ‘vielleicht'‚
655 1318 775 1354 ‘unbe—

842 1229 941 1270 liche,
959 1229 1240 1269 declamationes,
1259 1228 1325 1271 vgl.
1343 1228 1397 1269 1V,
1411 1230 1441 1269 2,
1457 1231 1515 1262 29:

843 1285 920 1306 cum
952 1276 998 1306 sil
1023 1274 1142 1306 decla
1152 1284 1215 1306 ma
1227 1276 1290 1306 tio
1320 1273 1517 1312 forensium

842 1322 1023 1352 actionum
1048 1330 1104 1351 me
1114 1320 1138 1352 d
1147 1321 1208 1352 ita
1219 1322 1254 1351 ti
1263 1331 1293 1352 o.

98 1360 265 1398 denklich'
302 1375 327 1397 s.
355 1365 421 1397 Cic.
454 1375 485 1407 p.
512 1364 635 1398 Roscio
660 1366 771 1399 Amer.

97 1412 127 1450 6,
150 1411 200 1444 15.
239 1408 347 1448 facile
367 1411 513 1452 primus.
551 1410 617 1443 Cic.
636 1410 676 1444 ad
695 1411 772 1446 fam.

99 1454 150 1494 Vl,
179 1456 230 1496 10,
256 1456 275 1487 2
298 1453 406 1493 facile
424 1457 602 1497 princeps.

144 1501 197 1534 69.
230 1503 269 1531 ut
292 1519 336 1523 —
369 1503 519 1532 testatur
548 1501 581 1533 in
614 1500 678 1535 den
710 1511 774 1534 uns

98 1545 292 1578 erhaltenen
318 1544 572 1579 Bruchstficken
598 1546 700 1579 nicht.

146 1593 182 1623 in
208 1600 311 1633 opere
327 1591 477 1632 diverso,
502 1591 647 1624 namlich
665 1592 698 1624 in
716 1591 774 1625 der

99 1645 245 1669 neueren
269 1635 443 1669 Komodie.

142 1681 337 1714 Menander
367 1691 425 1714 aus
450 1681 572 1719 Athen,
598 1683 775 1716 342—290

99 1737 129 1758 v,
144 1726 230 1763 Chr„
252 1725 309 1759 der
326 1726 518 1768 gefeiertste
532 1725 702 1760 Vertreter
719 1727 777 1760 der

99 1781 207 1804 neuen
232 1770 406 1804 Komodie.
448 1771 522 1804 Von
547 1772 661 1804 seinen
683 1772 777 1805 mehr

99 1816 150 1850 als
184 1816 325 1848 hundert
353 1816 538 1850 Komodien
572 1816 683 1850 haben
715 1818 777 1850 wir

101 1871 161 1894 nur
201 1861 288 1894 noch
329 1860 578 1897 Bruchstticke.
624 1861 777 1904 dagegen

100 1905 377 1948 Nachbildungen
392 1906 424 1939 in
439 1907 613 1939 mehreren
628 1906 776 1940 Stticken

100 1950 159 1983 des
184 1949 322 1984 Terenz.

147 1997 199 2029 70.
225 1995 298 2028 Nec
318 1996 463 2029 nihil-
483 1997 656 2038 videt-unt,
674 2007 778 2040 unge·

101 2040 309 2074 wohnlicher
332 2041 520 2075 Ausdruck.

147 2085 310 2119 Charisii.
351 2086 540 2128 Charisius,
570 2087 623 2120 ein
649 2087 778 2120 atheni-

101 2130 197 2164 seher
222 2131 362 2173 Reducr,
388 2132 606 2174 Zeitgenosse
632 2132 691 2165 des
715 2131 779 2165 De-

100 2176 295 2210 mosthenes
332 2177 400 2210 und
436 2177 622 2211 Demetrius
658 2176 778 2210 Phale-

101 2231 186 2254 reus.

146 2268 215 2298 nisi
239 2266 343 2309 forte,
368 2267 515 2301 ironisch
540 2271 668 2310 gesagt.

147 2311 251 2353 mala,
276 2313 320 2345 ist
337 2312 538 2356 pradikativ.
552 2331 597 2336 —
621 2312 695 2346 Von
713 2312 775 2345 den

104 2355 263 2397 Stiicken,
289 2357 389 2390 deren
415 2357 505 2390 Titel
534 2357 605 2390 hier
629 2361 778 2400 genannt

106 2400 250 2441 werden,
268 2401 341 2436 sind
360 2412 437 2435 zum
455 2402 528 2436 Teil
546 2401 778 2436 Bruchstsxcke

103 2445 264 2480 erhalten.

150 2490 282 2524 iudicia
311 2491 383 2524 sind
409 2492 627 2533 gerichtliche
652 2491 777 2533 Reden,

104 2535 348 2568 meditationes
363 2536 506 2579 μελέται
523 2537 779 2580 aufsergericht—

888 1367 1048 1397 omnibus
1073 1367 1237 1405 numeris,
1263 1365 1330 1406 vgl.
1350 1366 1422 1406 §91
1452 1363 1519 1397 und

843 1409 924 1451 vul,
940 1409 1092 1443 Prooem.
1114 1412 1128 1442 1
1145 1421 1211 1452 per
1228 1412 1342 1442 omnis
1358 1420 1521 1442 numeros

840 1457 983 1498 penitus
1016 1465 1236 1497 cognoscere.
1285 1454 1352 1488 Cic.
1386 1454 1427 1487 de
1452 1458 1519 1488 nat.

843 1500 874 1534 d.
900 1500 936 1542 11,
964 1501 1014 1541 13,
1041 1502 1079 1534 31
1106 1499 1302 1542 perfectum
1327 1500 1521 1542 eoepletum-

844 1556 910 1588 que
936 1547 1094 1578 omnibus
1115 1547 1189 1577 suis
1212 1546 1370 1578 numeris
1387 1548 1420 1577 et
1439 1555 1523 1587 par-

844 1593 947 1624 tibus.
986 1590 1173 1623 oratorius
1184 1601 1352 1623 numeras
1368 1590 1522 1623 bezeich—

845 1643 902 1669 net
927 1639 1024 1669 sonst
1048 1635 1312 1678 (vgl.1x,v·1‚54)
1336 1636 1389 1669 die
1406 1635 1522 1678 rhyth-

845 1681 972 1714 mische
1020 1680 1255 1723 Komposition
1309 1681 1367 1714 der
1419 1680 1522 1718 Rede,

845 1726 1182 1760 selbstverstandlich
1222 1726 1315 1759 nicht
1355 1726 1440 1759 auch
1481 1735 1522 1758 an

846 1781 983 1805 unserer
1008 1770 1123 1804 Stelle.

892 1820 945 1849 71.
965 1817 1048 1858 plus
1065 1816 1180 1848 adlzuc
1197 1816 1381 1857 quiddam:
1408 1815 1523 1847 adhuc

847 1861 935 1894 heim
954 1860 1171 1903 Komparativ
1196 1861 1315 1903 gehort
1333 1859 1390 1892 der
1412 1861 1522 1901 spate-

847 1916 904 1939 ren
929 1905 1090 1938 Latinitat
1114 1915 1167 1946 an,
1193 1916 1219 1938 s.
1244 1905 1376 1937 Einleit.
1404 1903 1436 1937 S.
1467 1907 1521 1942 14;

847 1951 906 1984 das
946 1951 1036 1983 heim
1075 1949 1204 1983 Positiv
1245 1950 1303 1983 des
1343 1948 1523 1991 Adjektivs

848 2006 932 2038 ganz
946 1995 1183 2038 gewohnliche
1197 1995 1364 2038 quiddam
1381 1995 1453 2028 hier
1466 2005 1524 2027 zur

847 2040 1036 2083 Milderung
1080 2040 1138 2073 des
1174 2040 1408 2084 Komparativs
1451 2040 1522 2072 hin-

845 2085 1024 2128 zugeft'igt,
1058 2086 1123 2118 wie
1155 2096 1255 2119 unser
1284 2081 1385 2119 ‘noch
1416 2089 1524 2118 etwas

847 2127 963 2165 mehr'.

893 2178 1234 2217 controversiarum,
1258 2175 1404 2218 namlich
1426 2176 1523 2208 scho-

849 2223 1070 2262 lasticarum,
1093 2220 1146 2254 die
1172 2231 1231 2253 zur
1254 2220 1376 2263 Ubung
1400 2221 1434 2253 in
1459 2219 1523 2253 den

849 2266 996 2300 Schulen
1051 2266 1252 2309 gehaltenen
1305 2265 1523 2298 Streitreden.

846 2312 922 2355 Vgl.
948 2311 1002 2348 lv,
1029 2313 1059 2348 2,
1084 2312 1145 2344 97:
1179 2311 1306 2343 Evenit
1329 2310 1522 2352 aliquando

847 2360 884 2390 in
925 2358 1219 2389 scholasticis
1264 2357 1523 2388 controver-

847 2405 948 2443 siis,
972 2402 1067 2443 quod
1089 2404 1126 2433 in
1151 2400 1196 2439 fo
1207 2411 1253 2433 ro
1271 2411 1317 2433 an
1336 2403 1450 2442 possit
1466 2411 1524 2433 ac-

848 2447 963 2480 cidere
980 2446 1111 2478 dubito.
1150 2445 1200 2481 111,
1215 2447 1245 2485 S,
1261 2447 1299 2479 51
1311 2458 1318 2477 ι
1331 2447 1525 2488 praecipue

848 2492 1142 2525 declamatoribus
1154 2490 1447 2523 considerandum
1462 2494 1524 2532 est,

849 2537 934 2579 qnid
967 2538 1092 2578 cuique
1118 2546 1291 2578 personae
1327 2537 1522 2577 conveniat,

1536 392 1572 421 69
