1720 2848
125 1358 163 1390 30

193 100 246 141 68
744 105 885 139 CAPUT
911 105 959 139 111.
986 107 1004 148 g
1031 108 1173 140 26—30.

192 225 333 259 teneat.
376 221 448 259 Sed
472 233 559 260 cum
583 222 619 259 in
645 222 751 260 omni
780 221 997 260 studiorum
1028 234 1172 272 genere
1203 229 1282 261 tuin
1307 223 1343 261 in
1368 223 1440 261 hoc
1464 224 1614 274 praeci-

193 289 269 328 pue
292 276 395 315 bona
416 278 606 324 valetudo,
630 290 807 328 quaeque
829 289 911 316 eam
934 278 1098 317 maxime
1120 285 1301 330 praestat,
1324 280 1523 330 frugalitas
1545 293 1614 319 ne-

193 334 358 373 cessaria
381 340 459 382 est;
482 346 569 372 cnm
592 340 767 385 tempora
789 334 835 372 ab
858 334 939 385 ipsa
972 346 1102 373 rerum
1127 343 1262 374 natura
1285 337 1329 374 ad
1353 336 1523 386 quietem
1554 349 1615 376 re-

194 390 482 440 fectionemque
505 390 620 429 nobis
637 391 720 429 data
738 391 776 428 in
796 391 1026 429 acerrimum
1042 391 1215 431 laborem
1233 393 1508 432 convertimus.
1546 393 1614 432 Cui

195 453 322 485 tamen
357 459 435 486 non
467 447 555 497 plus
584 447 844 497 inrogandum
875 454 931 485 est
961 459 1078 497 quam
1110 449 1212 498 quod
1241 461 1379 488 somno
1409 450 1615 501 supererit,

193 503 293 541 haud
318 503 451 542 deerit.
495 503 629 542 Obstat
653 503 754 542 enim
778 503 1001 554 diligentiae
1019 504 1218 543 scribendi
1236 505 1348 544 etiam
1371 506 1556 555 fatigatio,
1579 512 1615 545 et

195 559 361 605 abunde,
385 560 414 598 si
439 566 556 606 vacet,
578 560 675 599 lucis
696 560 816 611 spatia
833 560 1054 609 sufficiunt;
1078 567 1289 613 occupatos
1305 562 1342 600 in
1369 570 1523 601 noctem
1547 575 1615 602 ne-

195 616 353 654 cessitas
373 616 462 667 agit.
504 616 572 655 Est
592 622 720 655 tamen
753 616 984 703 lfflff,
1016 617 1199 668 quotiens
1231 619 1275 656 ad
1299 630 1380 657 eam
1404 619 1545 667 integri
1570 632 1613 658 ac-

195 673 327 711 resecti
351 673 540 716 venimus,
569 673 758 724 optimum
780 679 917 712 secreti
940 686 1075 724 genus.

305 729 378 768 Sed
402 730 600 769 silentium
623 736 658 768 et
681 742 859 768 secessus
880 736 915 768 et
943 731 1117 781 undique
1139 731 1239 769 liber
1268 731 1432 777 animus,
1464 738 1502 770 ut
1525 738 1615 771 sunt

194 786 358 824 maxime
385 786 566 837 optanda,
602 787 652 825 ita
686 799 763 825 non
797 799 951 837 semper
978 795 1144 838 possunt
1172 788 1415 837 contingere,
1451 788 1616 839 ideoque

195 855 273 880 non
298 843 438 887 statim,
468 843 498 881 si
522 843 612 893 quid
636 843 849 894 obstrepet,
880 843 1072 882 abiciendi
1103 844 1256 883 codices
1286 850 1402 883 erunt
1426 851 1460 883 et
1483 845 1617 896 deplo-

195 899 340 937 randus
361 899 462 947 dies;
497 911 628 937 verum
660 899 920 937 incommodis
952 901 1252 950 repugnandum
1276 907 1311 939 et
1334 901 1395 939 liic
1417 901 1617 940 faciendus

196 967 301 999 usus,
338 961 379 993 ut
410 955 539 993 omnia
570 968 668 1005 quac
701 956 912 1006 impedient
947 957 1074 995 vincat
1098 944 1435 1007 intentiof'ffuam
1473 958 1502 996 si
1540 963 1616 996 tota

195 1018 327 1050 mente
348 1012 386 1049 in
412 1024 511 1063 opus
532 1012 659 1063 ipsum
682 1012 880 1057 direxeris,
904 1012 1000 1050 niliil
1021 1025 1170 1056 eorum,
1202 1025 1299 1063 quae
1323 1014 1445 1053 oculis
1466 1014 1524 1052 vel
1546 1027 1613 1052 au-

194 1068 302 1106 ribus
319 1069 382 1106 inc
425 1080 433 1088 ·
482 1074 536 1112 nt,
559 1068 603 1106 ad
623 1069 796 1107 animum
814 1069 1026 1119 perveniet.
1067 1070 1125 1108 An
1147 1081 1236 1108 vero
1254 1070 1482 1120 frequenter
1503 1070 1617 1109 etiam

195 1125 352 1163 fortuita
377 1118 448 1163 lioc
470 1122 652 1175 cogitatio
676 1132 854 1176 praestat,
881 1132 922 1163 ut
944 1125 1077 1165 olivios
1098 1139 1178 1164 non
1201 1126 1400 1165 videamus
1421 1133 1457 1165 et
1479 1127 1617 1166 itinere

193 1182 439 1220 deerremus:
470 1194 549 1220 non
581 1194 869 1232 consequemur
899 1182 1012 1229 idem,
1033 1182 1063 1221 si
1085 1189 1122 1221 et
1143 1181 1406 1221 voluerimus?
1446 1183 1530 1222 Non
1561 1189 1615 1222 est

193 1238 476 1289 indulgendum
508 1238 634 1276 (musis
666 1238 846 1277 desidiae.
906 1239 1000 1277 Nam
1031 1239 1061 1277 si
1093 1239 1250 1278 nonnisi
1281 1239 1427 1285 refecti,
1460 1240 1617 1279 nonnisi

195 1294 348 1340 hilares,
381 1295 539 1334 nonnisi
570 1294 753 1334 omnibus
782 1295 866 1333 aliis
897 1295 1000 1334 curis
1030 1302 1210 1335 vacantes
1231 1297 1465 1335 studendum
1489 1296 1618 1335 existi-

193 1352 398 1390 marimus:
435 1364 592 1403 semper
622 1352 696 1390 erit
725 1358 889 1402 propter
919 1353 1022 1403 quod
1047 1352 1161 1391 nobis
1182 1353 1440 1403 ignoscamus.
1490 1353 1618 1399 Quare

196 1408 233 1446 in
259 1408 385 1455 turba,
407 1408 560 1451 itinere,
594 1408 778 1447 conviviis
808 1409 922 1447 etiam
953 1409 1065 1447 faciat
1085 1409 1157 1448 sibi
1181 1409 1364 1460 cogitatio
1386 1409 1466 1460 ipsa
1488 1421 1617 1449 secre-

194 1470 288 1502 tum.
332 1465 433 1510 Quid
455 1465 597 1515 alioqui
622 1466 697 1511 liet,
729 1477 817 1503 cum
849 1465 886 1503 in
920 1465 1047 1503 medio
1075 1467 1173 1511 soro,
1196 1472 1252 1504 tot
1273 1465 1619 1505 circumstantibus

195 1521 358 1565 iudiciis,
389 1521 537 1569 iurgiis,
571 1522 737 1584 l'ortQt‘is
759 1523 859 1559 etian
906 1521 1152 1568 clamoribus,
1185 1522 1257 1560 erit
1278 1522 1407 1561 subito
1429 1523 1616 1561 continua

195 1578 372 1616 oratione
401 1577 624 1617 dicendum.
653 1591 683 1616 si
707 1534 925 1629 lffili'cii‘iiis,
957 1591 1052 1628 quas
1082 1579 1183 1617 ceris
1213 1578 1452 1625 mandamus,
1483 1579 1555 1618 nisi
1579 1579 1615 1618 in

193 1634 404 1673 solitudine
423 1635 596 1685 reperire
623 1647 701 1673 non
730 1633 967 1685 possumus?
991 1635 1155 1686 Propter
1177 1647 1274 1685 quac
1291 1635 1390 1673 idem
1409 1636 1471 1674 ille
1488 1641 1619 1674 tantus

240 1736 292 1767 26.
303 1734 510 1775 stugalttas,
524 1734 567 1766 im
580 1734 757 1767 weitestcn
769 1734 872 1768 Sinne

194 1789 235 1811 zu
269 1779 448 1818 verstelin,
481 1779 549 1821 vgl.
574 1779 641 1819 XII,
670 1781 697 1818 1,
728 1781 764 1812 8:
795 1791 872 1822 age,

194 1835 264 1856 non
283 1825 331 1856 ad
348 1824 581 1866 perferendos
597 1825 795 1856 studiorum
823 1825 871 1857 Ia-

195 1871 294 1901 bores
318 1872 516 1902 necessaria
547 1870 667 1912 frug
681 1881 701 1901 a
716 1870 753 1901 li
768 1874 812 1903 ta
827 1872 870 1903 s'?

195 1915 289 1955 Quid
312 1925 395 1957 erga
431 1926 476 1947 ez·
510 1915 701 1947 libidine
731 1926 773 1947 ao
805 1917 869 1948 Iu-

193 1963 330 1992 scuria
354 1962 450 2002 spei?

241 2016 317 2037 στίφη
349 2025 389 2029 —
417 2007 667 2046 conver-tinus,
699 2003 872 2038 ‘wahrend

195 2050 258 2082 wir
283 2047 518 2091 verwenden’‚
551 2061 586 2083 so
615 2051 680 2091 ass,
716 2051 781 2084 wie
819 2051 870 2084 hei

195 2104 277 2134 uns,
315 2095 368 2127 dic
394 2095 532 2128 kausale
566 2095 766 2138 Bedeutung
798 2106 873 2128 vor-

194 2139 360 2182 lierrscl1t‚
382 2141 450 2183 vgl.
468 2140 491 2181 1,
508 2143 539 2181 6,
558 2142 592 2173 2:
611 2143 806 2173 auctoritas
828 2143 870 2173 ab

195 2187 398 2217 oratoribus
428 2187 482 2217 vel
513 2187 693 2218 historicis
720 2188 797 2228 peti
819 2197 872 2218 so-

195 2231 241 2263 let
272 2250 314 2254 ——
347 2242 445 2263 cum
482 2241 696 2263 summorum
729 2233 764 2263 in
802 2232 871 2263 elo-

196 2279 340 2318 quentia
360 2278 517 2309 virorum
536 2277 705 2308 iudicium
721 2287 788 2318 pro
813 2288 870 2308 ra-

195 2323 306 2361 tione,
339 2325 371 2353 et
405 2322 458 2353 vel
482 2332 584 2354 error
609 2323 774 2353 honestus
799 2326 872 2354 est

195 2377 342 2407 magnos
365 2367 470 2399 duces
493 2368 725 2409 sequentibus.

241 2414 294 2446 28.
342 2413 492 2452 codices,
534 2412 606 2445 sind
651 2411 748 2445 Helte
792 2412 872 2446 oder

197 2455 456 2498 Schreibtafetn,
482 2467 508 2490 S.
533 2459 553 2499 ξ
580 2459 632 2490 32.

241 2501 426 2540 faciendus
449 2513 544 2543 usus,
569 2503 636 2545 vgl.
662 2504 693 2543 2,
719 2505 748 2536 2.

243 2558 332 2588 quat»
364 2567 405 2571 —
442 2550 647 2589 incursant,
686 2550 872 2580 incursare

944 1735 1055 1766 oeulis
1079 1734 1120 1767 ist
1148 1735 1200 1767 ein
1219 1738 1325 1767 etwas
1351 1734 1518 1767 starkerer
1535 1735 1619 1767 Aus-

942 1780 1048 1813 druck
1066 1779 1116 1812 als
1133 1780 1152 1822 ξ
1170 1783 1208 1812 16
1223 1782 1260 1812 in
1286 1781 1405 1812 oculos
1425 1782 1618 1812 incurrere.

942 1825 1006 1858 Der
1022 1825 1095 1857 Dat.
1122 1825 1167 1857 ist
1185 1835 1245 1857 aus
1263 1825 1322 1858 (ler
1339 1825 1617 1868 Dichtersprache

941 1871 972 1902 in
1001 1870 1053 1903 die
1071 1871 1204 1913 spatere
1225 1870 1326 1903 Prosa
1346 1871 1617 1913 tibergegangen.

984 1917 1036 1949 29.
1069 1916 1161 1948 idem
1188 1916 1321 1949 bezieht
1348 1916 1419 1949 sich
1446 1916 1538 1949 nicht
1563 1915 1622 1948 aul*

937 1961 997 1993 das
1022 1961 1237 1994 unmittelbar
1262 1960 1552 2004 Vorhergehende.

988 2008 1040 2039 30.
1067 2009 1169 2038 tot-
1186 2007 1340 2038 iudiciis.
1373 2006 1514 2048 Injeder
1528 2005 1621 2038 Basi-

942 2050 1009 2083 lika
1044 2051 1181 2084 wurden
1207 2052 1357 2085 mehrere
1383 2051 1539 2084 Gerichte
1564 2060 1620 2083 ne-

941 2096 1169 2129 beneinander
1202 2097 1403 2138 abgelialten
1433 2095 1499 2129 und
1529 2105 1620 2128 zwar

941 2141 973 2173 in
1001 2141 1059 2174 der
1084 2141 1187 2184 Regel
1217 2142 1306 2181 vier,
1339 2142 1407 2185 vgl.
1432 2141 1498 2177 ΧΠ,
1525 2144 1555 2182 5,
1581 2143 1617 2175 6:

941 2196 1018 2218 cum
1044 2188 1081 2218 in
1107 2187 1253 2219 basilica
1272 2187 1364 2219 Iulia
1388 2188 1521 2219 diceret
1540 2188 1620 2228 pri-

939 2242 995 2263 mo
1022 2232 1197 2264 tribunali
1219 2231 1431 2274 (Trachalus)
1464 2235 1619 2274 quatuor

941 2280 1057 2309 autem
1075 2277 1220 2319 iudicia,
1245 2280 1286 2309 ut
1302 2279 1412 2310 moris
1435 2281 1494 2317 est,
1521 2287 1619 2319 coge—

939 2325 1067 2354 rentur
1111 2326 1216 2364 atque
1251 2325 1370 2355 omnia
1408 2323 1620 2355 elamoribus

939 2366 1142 2410 fremerent,
1168 2371 1201 2399 et
1218 2368 1379 2400 auditum
1404 2379 1483 2400 eum
1507 2370 1541 2400 et
1565 2369 1619 2399 in-

941 2413 1116 2445 tellectum
1143 2416 1188 2454 et,
1213 2413 1308 2455 qnod
1323 2415 1509 2455 agentibus
1533 2415 1619 2445 cete-

939 2459 991 2489 ris
1015 2459 1401 2491 contumeliosissimum
1434 2458 1519 2499 fnit,
1544 2458 1618 2490 lau-

940 2503 1060 2535 datum
1094 2514 1231 2545 quoque
1255 2515 1300 2536 ea:
1330 2507 1483 2547 quatuor
1507 2504 1618 2536 tribu-

938 2549 1078 2580 nalibus
1102 2551 1255 2583 memini.
