<?xml version="1.0" encoding="UTF-8"?>
<!DOCTYPE html PUBLIC "-//W3C//DTD XHTML 1.0 Transitional//EN"
    "http://www.w3.org/TR/xhtml1/DTD/xhtml1-transitional.dtd">
<html xmlns="http://www.w3.org/1999/xhtml" xml:lang="en" lang="en">
 <head>
  <title>
</title>
<meta http-equiv="Content-Type" content="text/html;charset=utf-8" />
  <meta name='ocr-system' content='tesseract 3.04.00' />
  <meta name='ocr-capabilities' content='ocr_page ocr_carea ocr_par ocr_line ocrx_word'/>
</head>
<body>
  <div class='ocr_page' id='page_1' title='image "./deciinstitutioni00quinuoft_0033.png"; bbox 0 0 1720 2848; ppageno 0'>
   <div class='ocr_carea' id='block_1_1' title="bbox 613 133 1521 176">
    <p class='ocr_par' dir='ltr' id='par_1_1' title="bbox 613 133 1521 176">
     <span class='ocr_line' id='line_1_1' title="bbox 613 133 1521 176; baseline 0.003 -9"><span class='ocrx_word' id='word_1_1' title='bbox 613 134 754 167; x_wconf 82' lang='lat' dir='ltr'>CAPUT</span> <span class='ocrx_word' id='word_1_2' title='bbox 780 134 800 167; x_wconf 86' lang='lat'>1.</span> <span class='ocrx_word' id='word_1_3' title='bbox 827 134 848 176; x_wconf 64' lang='grc' dir='ltr'><strong>ξ</strong></span> <span class='ocrx_word' id='word_1_4' title='bbox 873 136 1016 167; x_wconf 70' lang='grc'>44-41.</span> <span class='ocrx_word' id='word_1_5' title='bbox 1470 133 1521 170; x_wconf 79' lang='lat'>29</span> 
     </span>
    </p>
   </div>
   <div class='ocr_carea' id='block_1_2' title="bbox 107 250 1532 1311">
    <p class='ocr_par' dir='ltr' id='par_1_2' title="bbox 107 250 1528 637">
     <span class='ocr_line' id='line_1_2' title="bbox 107 250 1523 305; baseline 0 -16"><span class='ocrx_word' id='word_1_6' title='bbox 107 251 322 290; x_wconf 81' lang='lat' dir='ltr'>dill&#39;erentia</span> <span class='ocrx_word' id='word_1_7' title='bbox 345 251 527 290; x_wconf 79' lang='lat' dir='ltr'>disseram</span> <span class='ocrx_word' id='word_1_8' title='bbox 550 250 785 300; x_wconf 78' lang='lat' dir='ltr'>diligentius,</span> <span class='ocrx_word' id='word_1_9' title='bbox 814 262 900 288; x_wconf 87' lang='lat' dir='ltr'>cum</span> <span class='ocrx_word' id='word_1_10' title='bbox 923 250 968 288; x_wconf 90' lang='lat' dir='ltr'>de</span> <span class='ocrx_word' id='word_1_11' title='bbox 991 262 1134 305; x_wconf 76' lang='lat' dir='ltr'>genere</span> <span class='ocrx_word' id='word_1_12' title='bbox 1155 250 1308 289; x_wconf 85' lang='lat' dir='ltr'>dicendi</span> <span class='ocrx_word' id='word_1_13' title='bbox 1331 263 1523 301; x_wconf 81' lang='lat' dir='ltr'>quaeren-</span> 
     </span>
     <span class='ocr_line' id='line_1_3' title="bbox 107 306 1523 357; baseline 0 -12"><span class='ocrx_word' id='word_1_14' title='bbox 107 308 197 345; x_wconf 90' lang='lat' dir='ltr'>dum</span> <span class='ocrx_word' id='word_1_15' title='bbox 221 307 305 345; x_wconf 90' lang='lat' dir='ltr'>erit.</span> <span class='ocrx_word' id='word_1_16' title='bbox 348 306 505 345; x_wconf 78' lang='lat' dir='ltr'><strong>Interim</strong></span> <span class='ocrx_word' id='word_1_17' title='bbox 528 306 768 350; x_wconf 77' lang='lat' dir='ltr'>summatim,</span> <span class='ocrx_word' id='word_1_18' title='bbox 792 318 810 343; x_wconf 91' lang='lat' dir='ltr'>a</span> <span class='ocrx_word' id='word_1_19' title='bbox 834 318 907 356; x_wconf 90' lang='lat' dir='ltr'>qua</span> <span class='ocrx_word' id='word_1_20' title='bbox 932 306 1097 345; x_wconf 87' lang='lat' dir='ltr'>lectione</span> <span class='ocrx_word' id='word_1_21' title='bbox 1118 312 1252 357; x_wconf 91' lang='lat' dir='ltr'>petere</span> <span class='ocrx_word' id='word_1_22' title='bbox 1274 307 1436 356; x_wconf 80' lang='lat' dir='ltr'>possint,</span> <span class='ocrx_word' id='word_1_23' title='bbox 1460 309 1523 357; x_wconf 86' lang='lat' dir='ltr'>qui</span> 
     </span>
     <span class='ocr_line' id='line_1_4' title="bbox 107 362 1524 412; baseline -0.001 -10"><span class='ocrx_word' id='word_1_24' title='bbox 107 365 338 402; x_wconf 81' lang='lat' dir='ltr'>confirmare</span> <span class='ocrx_word' id='word_1_25' title='bbox 371 363 589 401; x_wconf 75' lang='lat' dir='ltr'>facultatem</span> <span class='ocrx_word' id='word_1_26' title='bbox 622 362 774 400; x_wconf 85' lang='lat' dir='ltr'>dicendi</span> <span class='ocrx_word' id='word_1_27' title='bbox 809 363 957 405; x_wconf 80' lang='lat' dir='ltr'>volent.</span> <span class='ocrx_word' id='word_1_28' title='bbox 990 363 1189 412; x_wconf 77' lang='lat' dir='ltr'>attingam.</span> <span class='ocrx_word' id='word_1_29' title='bbox 1241 362 1390 401; x_wconf 85' lang='lat' dir='ltr'>Paucos</span> <span class='ocrx_word' id='word_1_30' title='bbox 1421 366 1524 401; x_wconf 87' lang='lat' dir='ltr'>enim</span> 
     </span>
     <span class='ocr_line' id='line_1_5' title="bbox 108 418 1526 471; baseline -0.001 -13"><span class='ocrx_word' id='word_1_31' title='bbox 108 423 280 471; x_wconf 83' lang='lat' dir='ltr'>quisunt</span> <span class='ocrx_word' id='word_1_32' title='bbox 305 419 600 457; x_wconf 79' lang='lat' dir='ltr'>eminentissimi</span> <span class='ocrx_word' id='word_1_33' title='bbox 624 430 835 469; x_wconf 75' lang='lat' dir='ltr'>excerpere</span> <span class='ocrx_word' id='word_1_34' title='bbox 854 418 890 456; x_wconf 91' lang='lat' dir='ltr'>in</span> <span class='ocrx_word' id='word_1_35' title='bbox 916 419 1045 457; x_wconf 90' lang='lat' dir='ltr'>animo</span> <span class='ocrx_word' id='word_1_36' title='bbox 1068 425 1136 457; x_wconf 92' lang='lat' dir='ltr'>est.</span> <span class='ocrx_word' id='word_1_37' title='bbox 1173 418 1299 457; x_wconf 85' lang='lat' dir='ltr'>Facile</span> <span class='ocrx_word' id='word_1_38' title='bbox 1321 425 1377 457; x_wconf 88' lang='lat' dir='ltr'>est</span> <span class='ocrx_word' id='word_1_39' title='bbox 1400 426 1526 457; x_wconf 87' lang='lat' dir='ltr'>autem</span> 
     </span>
     <span class='ocr_line' id='line_1_6' title="bbox 107 474 1528 526; baseline -0.001 -13"><span class='ocrx_word' id='word_1_40' title='bbox 107 476 308 520; x_wconf 80' lang='lat' dir='ltr'>studiosis,</span> <span class='ocrx_word' id='word_1_41' title='bbox 342 475 406 525; x_wconf 91' lang='lat' dir='ltr'>qui</span> <span class='ocrx_word' id='word_1_42' title='bbox 440 475 515 513; x_wconf 90' lang='lat' dir='ltr'>sint</span> <span class='ocrx_word' id='word_1_43' title='bbox 546 475 605 512; x_wconf 86' lang='lat' dir='ltr'>liis</span> <span class='ocrx_word' id='word_1_44' title='bbox 633 475 787 521; x_wconf 79' lang='lat' dir='ltr'>similes,</span> <span class='ocrx_word' id='word_1_45' title='bbox 817 474 1009 522; x_wconf 83' lang='lat' dir='ltr'>iudicare;</span> <span class='ocrx_word' id='word_1_46' title='bbox 1042 487 1089 513; x_wconf 95' lang='lat' dir='ltr'>ne</span> <span class='ocrx_word' id='word_1_47' title='bbox 1111 475 1314 525; x_wconf 86' lang='lat' dir='ltr'>quisquam</span> <span class='ocrx_word' id='word_1_48' title='bbox 1342 482 1528 526; x_wconf 81' lang='lat' dir='ltr'>queratur</span> 
     </span>
     <span class='ocr_line' id='line_1_7' title="bbox 109 530 1527 582; baseline -0.001 -12"><span class='ocrx_word' id='word_1_49' title='bbox 109 531 269 570; x_wconf 88' lang='lat' dir='ltr'>omissos</span> <span class='ocrx_word' id='word_1_50' title='bbox 291 532 390 569; x_wconf 80' lang='lat' dir='ltr'>sorte</span> <span class='ocrx_word' id='word_1_51' title='bbox 412 531 562 581; x_wconf 90' lang='lat' dir='ltr'>aliquos</span> <span class='ocrx_word' id='word_1_52' title='bbox 583 544 673 582; x_wconf 81' lang='lat' dir='ltr'>qnos</span> <span class='ocrx_word' id='word_1_53' title='bbox 695 531 775 581; x_wconf 88' lang='lat' dir='ltr'>ipse</span> <span class='ocrx_word' id='word_1_54' title='bbox 799 530 904 569; x_wconf 80' lang='lat' dir='ltr'>valde</span> <span class='ocrx_word' id='word_1_55' title='bbox 927 531 1079 581; x_wconf 84' lang='lat' dir='ltr'>probet.</span> <span class='ocrx_word' id='word_1_56' title='bbox 1117 530 1256 569; x_wconf 83' lang='lat' dir='ltr'>Fateor</span> <span class='ocrx_word' id='word_1_57' title='bbox 1273 532 1377 570; x_wconf 87' lang='lat' dir='ltr'>enim</span> <span class='ocrx_word' id='word_1_58' title='bbox 1395 532 1527 582; x_wconf 82' lang='lat' dir='ltr'>plures</span> 
     </span>
     <span class='ocr_line' id='line_1_8' title="bbox 110 587 1110 637; baseline 0 -12"><span class='ocrx_word' id='word_1_59' title='bbox 110 587 294 637; x_wconf 87' lang='lat' dir='ltr'>legendos</span> <span class='ocrx_word' id='word_1_60' title='bbox 316 599 412 633; x_wconf 77' lang='lat' dir='ltr'>esse,</span> <span class='ocrx_word' id='word_1_61' title='bbox 435 599 549 637; x_wconf 88' lang='lat' dir='ltr'>quam</span> <span class='ocrx_word' id='word_1_62' title='bbox 573 587 638 637; x_wconf 86' lang='lat' dir='ltr'>qui</span> <span class='ocrx_word' id='word_1_63' title='bbox 662 600 680 625; x_wconf 91' lang='lat' dir='ltr'>a</span> <span class='ocrx_word' id='word_1_64' title='bbox 703 599 763 625; x_wconf 87' lang='lat' dir='ltr'>me</span> <span class='ocrx_word' id='word_1_65' title='bbox 787 587 1110 625; x_wconf 82' lang='lat' dir='ltr'>nominabuntur.</span> 
     </span>
    </p>

    <p class='ocr_par' dir='ltr' id='par_1_3' title="bbox 108 643 1527 750">
     <span class='ocr_line' id='line_1_9' title="bbox 220 643 1527 694; baseline -0.002 -12"><span class='ocrx_word' id='word_1_66' title='bbox 220 643 294 682; x_wconf 89' lang='lat' dir='ltr'>Sed</span> <span class='ocrx_word' id='word_1_67' title='bbox 319 655 426 681; x_wconf 90' lang='lat' dir='ltr'>nunc</span> <span class='ocrx_word' id='word_1_68' title='bbox 447 655 591 694; x_wconf 85' lang='lat' dir='ltr'>genera</span> <span class='ocrx_word' id='word_1_69' title='bbox 615 644 695 694; x_wconf 85' lang='lat' dir='ltr'>ipsa</span> <span class='ocrx_word' id='word_1_70' title='bbox 718 643 945 685; x_wconf 77' lang='lat' dir='ltr'>lectionum,</span> <span class='ocrx_word' id='word_1_71' title='bbox 968 655 1066 693; x_wconf 85' lang='lat' dir='ltr'>quae</span> <span class='ocrx_word' id='word_1_72' title='bbox 1086 643 1295 694; x_wconf 81' lang='lat' dir='ltr'>praecipue</span> <span class='ocrx_word' id='word_1_73' title='bbox 1317 644 1527 682; x_wconf 67' lang='lat' dir='ltr'>convenire</span> 
     </span>
     <span class='ocr_line' id='line_1_10' title="bbox 108 699 1305 750; baseline 0.001 -13"><span class='ocrx_word' id='word_1_74' title='bbox 108 699 415 744; x_wconf 84' lang='lat' dir='ltr'>intendentibus</span> <span class='ocrx_word' id='word_1_75' title='bbox 438 706 479 738; x_wconf 89' lang='lat' dir='ltr'>ut</span> <span class='ocrx_word' id='word_1_76' title='bbox 502 705 678 738; x_wconf 84' lang='lat' dir='ltr'>oratores</span> <span class='ocrx_word' id='word_1_77' title='bbox 700 700 806 745; x_wconf 82' lang='lat' dir='ltr'>siant,</span> <span class='ocrx_word' id='word_1_78' title='bbox 829 699 1055 745; x_wconf 78' lang='lat' dir='ltr'>existimem,</span> <span class='ocrx_word' id='word_1_79' title='bbox 1080 711 1305 750; x_wconf 85' lang='lat' dir='ltr'>persequar.</span> 
     </span>
    </p>

    <p class='ocr_par' dir='ltr' id='par_1_4' title="bbox 107 746 1532 1311">
     <span class='ocr_line' id='line_1_11' title="bbox 221 746 1530 817; baseline -0.002 -23"><span class='ocrx_word' id='word_1_80' title='bbox 221 756 343 803; x_wconf 73' lang='lat' dir='ltr'>Igitur</span> <span class='ocrx_word' id='word_1_81' title='bbox 364 762 403 794; x_wconf 90' lang='lat' dir='ltr'>ut</span> <span class='ocrx_word' id='word_1_82' title='bbox 422 757 561 794; x_wconf 78' lang='lat' dir='ltr'>Aratus</span> <span class='ocrx_word' id='word_1_83' title='bbox 583 755 630 793; x_wconf 92' lang='lat' dir='ltr'>ab</span> <span class='ocrx_word' id='word_1_84' title='bbox 648 755 736 793; x_wconf 80' lang='lat' dir='ltr'>love</span> <span class='ocrx_word' id='word_1_85' title='bbox 752 746 1017 817; x_wconf 81' lang='lat' dir='ltr'>incipiendum</span> <span class='ocrx_word' id='word_1_86' title='bbox 1042 761 1163 805; x_wconf 86' lang='lat' dir='ltr'>putat</span> <span class='ocrx_word' id='word_1_87' title='bbox 1186 756 1234 793; x_wconf 90' lang='lat' dir='ltr'>ita</span> <span class='ocrx_word' id='word_1_88' title='bbox 1259 769 1330 793; x_wconf 78' lang='lat' dir='ltr'>nos</span> <span class='ocrx_word' id='word_1_89' title='bbox 1351 757 1422 793; x_wconf 90' lang='lat' dir='ltr'>rite</span> <span class='ocrx_word' id='word_1_90' title='bbox 1439 768 1530 793; x_wconf 72' lang='lat' dir='ltr'>coe-</span> 
     </span>
     <span class='ocr_line' id='line_1_12' title="bbox 107 804 1528 874; baseline -0.001 -24"><span class='ocrx_word' id='word_1_91' title='bbox 107 812 211 862; x_wconf 88' lang='lat' dir='ltr'>pturi</span> <span class='ocrx_word' id='word_1_92' title='bbox 234 804 280 850; x_wconf 81' lang='lat' dir='ltr'>ab</span> <span class='ocrx_word' id='word_1_93' title='bbox 301 811 506 874; x_wconf 70' lang='lat' dir='ltr'>Homero</span> <span class='ocrx_word' id='word_1_94' title='bbox 524 812 711 850; x_wconf 87' lang='lat' dir='ltr'>videmur.</span> <span class='ocrx_word' id='word_1_95' title='bbox 743 811 814 849; x_wconf 89' lang='lat' dir='ltr'>Hic</span> <span class='ocrx_word' id='word_1_96' title='bbox 831 811 947 854; x_wconf 91' lang='lat' dir='ltr'>enim</span> <span class='ocrx_word' id='word_1_97' title='bbox 964 811 1290 873; x_wconf 83' lang='lat' dir='ltr'>quemadmodum</span> <span class='ocrx_word' id='word_1_98' title='bbox 1308 824 1351 849; x_wconf 83' lang='lat' dir='ltr'>ex</span> <span class='ocrx_word' id='word_1_99' title='bbox 1371 811 1528 850; x_wconf 84' lang='lat' dir='ltr'>Oceano</span> 
     </span>
     <span class='ocr_line' id='line_1_13' title="bbox 107 867 1530 919; baseline -0.001 -13"><span class='ocrx_word' id='word_1_100' title='bbox 107 867 199 906; x_wconf 86' lang='lat' dir='ltr'>dicit</span> <span class='ocrx_word' id='word_1_101' title='bbox 228 869 309 919; x_wconf 89' lang='lat' dir='ltr'>ipse</span> <span class='ocrx_word' id='word_1_102' title='bbox 331 868 504 906; x_wconf 91' lang='lat' dir='ltr'>amnium</span> <span class='ocrx_word' id='word_1_103' title='bbox 526 869 771 918; x_wconf 85' lang='lat' dir='ltr'>sontiumque</span> <span class='ocrx_word' id='word_1_104' title='bbox 802 879 941 906; x_wconf 87' lang='lat' dir='ltr'>cursus</span> <span class='ocrx_word' id='word_1_105' title='bbox 969 867 1121 906; x_wconf 90' lang='lat' dir='ltr'>initium</span> <span class='ocrx_word' id='word_1_106' title='bbox 1155 880 1314 919; x_wconf 82' lang='lat' dir='ltr'>capere</span> <span class='ocrx_word' id='word_1_107' title='bbox 1347 867 1530 906; x_wconf 86' lang='lat' dir='ltr'>omnibus</span> 
     </span>
     <span class='ocr_line' id='line_1_14' title="bbox 107 923 1528 974; baseline -0.001 -12"><span class='ocrx_word' id='word_1_108' title='bbox 107 923 352 974; x_wconf 84' lang='lat' dir='ltr'>eloquentiae</span> <span class='ocrx_word' id='word_1_109' title='bbox 382 924 559 974; x_wconf 90' lang='lat' dir='ltr'>partibus</span> <span class='ocrx_word' id='word_1_110' title='bbox 589 924 809 974; x_wconf 90' lang='lat' dir='ltr'>exemplum</span> <span class='ocrx_word' id='word_1_111' title='bbox 841 930 875 961; x_wconf 88' lang='lat' dir='ltr'>et</span> <span class='ocrx_word' id='word_1_112' title='bbox 907 930 1035 962; x_wconf 91' lang='lat' dir='ltr'>ortum</span> <span class='ocrx_word' id='word_1_113' title='bbox 1058 924 1172 961; x_wconf 89' lang='lat' dir='ltr'>dedit.</span> <span class='ocrx_word' id='word_1_114' title='bbox 1216 924 1331 962; x_wconf 84' lang='lat' dir='ltr'>Hunc</span> <span class='ocrx_word' id='word_1_115' title='bbox 1354 936 1469 962; x_wconf 89' lang='lat' dir='ltr'>nemo</span> <span class='ocrx_word' id='word_1_116' title='bbox 1490 924 1528 961; x_wconf 93' lang='lat' dir='ltr'>in</span> 
     </span>
     <span class='ocr_line' id='line_1_15' title="bbox 107 980 1530 1031; baseline 0 -13"><span class='ocrx_word' id='word_1_117' title='bbox 107 980 259 1030; x_wconf 85' lang='lat' dir='ltr'>magnis</span> <span class='ocrx_word' id='word_1_118' title='bbox 277 980 396 1019; x_wconf 86' lang='lat' dir='ltr'>rebus</span> <span class='ocrx_word' id='word_1_119' title='bbox 412 980 659 1026; x_wconf 74' lang='lat' dir='ltr'>sublimitate,</span> <span class='ocrx_word' id='word_1_120' title='bbox 683 981 720 1018; x_wconf 93' lang='lat' dir='ltr'>in</span> <span class='ocrx_word' id='word_1_121' title='bbox 740 980 868 1031; x_wconf 74' lang='lat' dir='ltr'>parvis</span> <span class='ocrx_word' id='word_1_122' title='bbox 885 980 1122 1030; x_wconf 89' lang='lat' dir='ltr'>proprietate</span> <span class='ocrx_word' id='word_1_123' title='bbox 1140 981 1392 1030; x_wconf 80' lang='lat' dir='ltr'>superaverit.</span> <span class='ocrx_word' id='word_1_124' title='bbox 1424 980 1530 1018; x_wconf 90' lang='lat' dir='ltr'>Idem</span> 
     </span>
     <span class='ocr_line' id='line_1_16' title="bbox 108 1036 1531 1087; baseline 0 -13"><span class='ocrx_word' id='word_1_125' title='bbox 108 1036 230 1076; x_wconf 83' lang='lat' dir='ltr'>laetus</span> <span class='ocrx_word' id='word_1_126' title='bbox 251 1048 293 1075; x_wconf 86' lang='lat' dir='ltr'>ac</span> <span class='ocrx_word' id='word_1_127' title='bbox 316 1048 496 1087; x_wconf 82' lang='lat' dir='ltr'>pressus,</span> <span class='ocrx_word' id='word_1_128' title='bbox 529 1037 723 1075; x_wconf 89' lang='lat' dir='ltr'>iucundus</span> <span class='ocrx_word' id='word_1_129' title='bbox 745 1042 781 1074; x_wconf 56' lang='lat' dir='ltr'>et,</span> <span class='ocrx_word' id='word_1_130' title='bbox 803 1036 948 1085; x_wconf 76' lang='lat' dir='ltr'>gravis,</span> <span class='ocrx_word' id='word_1_131' title='bbox 983 1041 1062 1073; x_wconf 89' lang='lat' dir='ltr'>tum</span> <span class='ocrx_word' id='word_1_132' title='bbox 1095 1036 1204 1087; x_wconf 85' lang='lat' dir='ltr'>copia</span> <span class='ocrx_word' id='word_1_133' title='bbox 1237 1042 1318 1074; x_wconf 88' lang='lat' dir='ltr'>tum</span> <span class='ocrx_word' id='word_1_134' title='bbox 1346 1036 1531 1074; x_wconf 84' lang='lat' dir='ltr'>brevitate</span> 
     </span>
     <span class='ocr_line' id='line_1_17' title="bbox 109 1092 1530 1142; baseline 0 -13"><span class='ocrx_word' id='word_1_135' title='bbox 109 1092 315 1138; x_wconf 82' lang='lat' dir='ltr'>mirabilis,</span> <span class='ocrx_word' id='word_1_136' title='bbox 340 1104 411 1131; x_wconf 89' lang='lat' dir='ltr'>nec</span> <span class='ocrx_word' id='word_1_137' title='bbox 434 1093 584 1142; x_wconf 88' lang='lat' dir='ltr'>poetica</span> <span class='ocrx_word' id='word_1_138' title='bbox 607 1093 721 1131; x_wconf 90' lang='lat' dir='ltr'>modo</span> <span class='ocrx_word' id='word_1_139' title='bbox 744 1093 810 1131; x_wconf 88' lang='lat' dir='ltr'>sed</span> <span class='ocrx_word' id='word_1_140' title='bbox 834 1092 1001 1130; x_wconf 88' lang='lat' dir='ltr'>oratoria</span> <span class='ocrx_word' id='word_1_141' title='bbox 1023 1092 1163 1130; x_wconf 78' lang='lat' dir='ltr'>virtute</span> <span class='ocrx_word' id='word_1_142' title='bbox 1187 1093 1530 1131; x_wconf 87' lang='lat' dir='ltr'>eminentissimus.</span> 
     </span>
     <span class='ocr_line' id='line_1_18' title="bbox 110 1147 1531 1194; baseline -0.001 -8"><span class='ocrx_word' id='word_1_143' title='bbox 110 1148 203 1186; x_wconf 78' lang='lat' dir='ltr'>Nam</span> <span class='ocrx_word' id='word_1_144' title='bbox 237 1155 274 1186; x_wconf 91' lang='lat' dir='ltr'>ut</span> <span class='ocrx_word' id='word_1_145' title='bbox 299 1148 345 1186; x_wconf 90' lang='lat' dir='ltr'>de</span> <span class='ocrx_word' id='word_1_146' title='bbox 376 1147 574 1194; x_wconf 77' lang='lat' dir='ltr'>laudibus,</span> <span class='ocrx_word' id='word_1_147' title='bbox 607 1147 962 1193; x_wconf 78' lang='lat' dir='ltr'>exhortationibus,</span> <span class='ocrx_word' id='word_1_148' title='bbox 995 1148 1332 1187; x_wconf 83' lang='lat' dir='ltr'>consolationibus</span> <span class='ocrx_word' id='word_1_149' title='bbox 1361 1155 1531 1187; x_wconf 84' lang='lat' dir='ltr'>taceam:</span> 
     </span>
     <span class='ocr_line' id='line_1_19' title="bbox 111 1204 1531 1255; baseline 0.001 -13"><span class='ocrx_word' id='word_1_150' title='bbox 111 1217 246 1243; x_wconf 90' lang='lat' dir='ltr'>nonne</span> <span class='ocrx_word' id='word_1_151' title='bbox 269 1204 329 1253; x_wconf 75' lang='lat' dir='ltr'>¹vel</span> <span class='ocrx_word' id='word_1_152' title='bbox 353 1217 482 1243; x_wconf 89' lang='lat' dir='ltr'>nonus</span> <span class='ocrx_word' id='word_1_153' title='bbox 502 1204 612 1248; x_wconf 82' lang='lat' dir='ltr'>liber.</span> <span class='ocrx_word' id='word_1_154' title='bbox 636 1217 712 1255; x_wconf 92' lang='lat' dir='ltr'>quo</span> <span class='ocrx_word' id='word_1_155' title='bbox 734 1205 847 1243; x_wconf 83' lang='lat' dir='ltr'>inissa</span> <span class='ocrx_word' id='word_1_156' title='bbox 870 1205 914 1242; x_wconf 89' lang='lat' dir='ltr'>ad</span> <span class='ocrx_word' id='word_1_157' title='bbox 932 1204 1107 1242; x_wconf 83' lang='lat' dir='ltr'>Achillen</span> <span class='ocrx_word' id='word_1_158' title='bbox 1130 1204 1270 1254; x_wconf 82' lang='lat' dir='ltr'>legatio</span> <span class='ocrx_word' id='word_1_159' title='bbox 1294 1205 1531 1243; x_wconf 85' lang='lat' dir='ltr'>continetur.</span> 
     </span>
     <span class='ocr_line' id='line_1_20' title="bbox 112 1260 1532 1311; baseline 0.003 -16"><span class='ocrx_word' id='word_1_160' title='bbox 112 1260 168 1299; x_wconf 89' lang='lat' dir='ltr'>vel</span> <span class='ocrx_word' id='word_1_161' title='bbox 191 1261 229 1299; x_wconf 93' lang='lat' dir='ltr'>in</span> <span class='ocrx_word' id='word_1_162' title='bbox 253 1261 378 1311; x_wconf 87' lang='lat' dir='ltr'>primo</span> <span class='ocrx_word' id='word_1_163' title='bbox 403 1261 506 1299; x_wconf 91' lang='lat' dir='ltr'>inter</span> <span class='ocrx_word' id='word_1_164' title='bbox 524 1261 644 1299; x_wconf 88' lang='lat' dir='ltr'>duces</span> <span class='ocrx_word' id='word_1_165' title='bbox 665 1261 726 1299; x_wconf 89' lang='lat' dir='ltr'>illa</span> <span class='ocrx_word' id='word_1_166' title='bbox 743 1260 944 1299; x_wconf 86' lang='lat' dir='ltr'>contentio</span> <span class='ocrx_word' id='word_1_167' title='bbox 966 1260 1023 1298; x_wconf 84' lang='lat' dir='ltr'>vel</span> <span class='ocrx_word' id='word_1_168' title='bbox 1047 1261 1169 1299; x_wconf 88' lang='lat' dir='ltr'>dictae</span> <span class='ocrx_word' id='word_1_169' title='bbox 1192 1261 1230 1298; x_wconf 91' lang='lat' dir='ltr'>in</span> <span class='ocrx_word' id='word_1_170' title='bbox 1249 1261 1422 1299; x_wconf 76' lang='lat' dir='ltr'>secundo</span> <span class='ocrx_word' id='word_1_171' title='bbox 1443 1273 1532 1299; x_wconf 87' lang='lat' dir='ltr'>sen-</span> 
     </span>
    </p>
   </div>
   <div class='ocr_carea' id='block_1_3' title="bbox 110 1348 794 2511">
    <p class='ocr_par' dir='ltr' id='par_1_5' title="bbox 110 1348 794 2511">
     <span class='ocr_line' id='line_1_21' title="bbox 155 1348 786 1390; baseline 0.002 -11"><span class='ocrx_word' id='word_1_172' title='bbox 155 1348 322 1380; x_wconf 78' lang='lat' dir='ltr'>disseram</span> <span class='ocrx_word' id='word_1_173' title='bbox 338 1348 557 1390; x_wconf 74' lang='lat' dir='ltr'>diligentius,</span> <span class='ocrx_word' id='word_1_174' title='bbox 574 1348 640 1389; x_wconf 81' lang='grc' dir='ltr'>ΧΠ,</span> <span class='ocrx_word' id='word_1_175' title='bbox 654 1350 755 1389; x_wconf 86' lang='grc'>10,63</span> <span class='ocrx_word' id='word_1_176' title='bbox 765 1348 786 1380; x_wconf 84' lang='lat' dir='ltr'>f.</span> 
     </span>
     <span class='ocr_line' id='line_1_22' title="bbox 154 1393 787 1435; baseline 0 -10"><span class='ocrx_word' id='word_1_177' title='bbox 154 1395 207 1425; x_wconf 85' lang='lat'>45.</span> <span class='ocrx_word' id='word_1_178' title='bbox 250 1393 416 1424; x_wconf 78' lang='lat' dir='ltr'>studiosis</span> <span class='ocrx_word' id='word_1_179' title='bbox 453 1393 540 1425; x_wconf 88' lang='lat' dir='ltr'>ohne</span> <span class='ocrx_word' id='word_1_180' title='bbox 581 1393 787 1435; x_wconf 77' lang='lat' dir='ltr'>abhangiges</span> 
     </span>
     <span class='ocr_line' id='line_1_23' title="bbox 110 1436 788 1480; baseline 0 -10"><span class='ocrx_word' id='word_1_181' title='bbox 110 1436 366 1470; x_wconf 75' lang='lat' dir='ltr'>Substantivum</span> <span class='ocrx_word' id='word_1_182' title='bbox 377 1437 467 1470; x_wconf 86' lang='lat' dir='ltr'>steht</span> <span class='ocrx_word' id='word_1_183' title='bbox 482 1448 540 1470; x_wconf 92' lang='lat' dir='ltr'>zur</span> <span class='ocrx_word' id='word_1_184' title='bbox 549 1437 788 1480; x_wconf 83' lang='lat' dir='ltr'>Bezeichnung</span> 
     </span>
     <span class='ocr_line' id='line_1_24' title="bbox 110 1481 788 1523; baseline 0 -8"><span class='ocrx_word' id='word_1_185' title='bbox 110 1482 251 1523; x_wconf 89' lang='lat' dir='ltr'>dessen‚</span> <span class='ocrx_word' id='word_1_186' title='bbox 283 1481 342 1515; x_wconf 83' lang='lat' dir='ltr'>der</span> <span class='ocrx_word' id='word_1_187' title='bbox 366 1483 438 1515; x_wconf 86' lang='lat' dir='ltr'>sich</span> <span class='ocrx_word' id='word_1_188' title='bbox 465 1483 540 1515; x_wconf 86' lang='lat' dir='ltr'>eine</span> <span class='ocrx_word' id='word_1_189' title='bbox 570 1483 694 1516; x_wconf 76' lang='lat' dir='ltr'>liohere</span> <span class='ocrx_word' id='word_1_190' title='bbox 722 1482 788 1515; x_wconf 90' lang='lat' dir='ltr'>Bil-</span> 
     </span>
     <span class='ocr_line' id='line_1_25' title="bbox 111 1526 787 1570; baseline 0 -10"><span class='ocrx_word' id='word_1_191' title='bbox 111 1526 202 1569; x_wconf 83' lang='lat' dir='ltr'>dung</span> <span class='ocrx_word' id='word_1_192' title='bbox 227 1528 436 1570; x_wconf 80' lang='lat' dir='ltr'>anzueignen</span> <span class='ocrx_word' id='word_1_193' title='bbox 462 1528 615 1560; x_wconf 85' lang='lat' dir='ltr'>bestrebt</span> <span class='ocrx_word' id='word_1_194' title='bbox 639 1528 694 1569; x_wconf 76' lang='lat' dir='ltr'>ist,</span> <span class='ocrx_word' id='word_1_195' title='bbox 719 1528 787 1570; x_wconf 86' lang='lat' dir='ltr'>vgl.</span> 
     </span>
     <span class='ocr_line' id='line_1_26' title="bbox 112 1571 788 1613; baseline -0.001 -7"><span class='ocrx_word' id='word_1_196' title='bbox 112 1573 142 1613; x_wconf 89' lang='lat'>3,</span> <span class='ocrx_word' id='word_1_197' title='bbox 157 1573 209 1606; x_wconf 87' lang='lat'>32.</span> <span class='ocrx_word' id='word_1_198' title='bbox 235 1571 303 1613; x_wconf 85' lang='grc' dir='ltr'>ΧΠ,</span> <span class='ocrx_word' id='word_1_199' title='bbox 322 1574 370 1612; x_wconf 87' lang='grc'>11,</span> <span class='ocrx_word' id='word_1_200' title='bbox 386 1574 425 1606; x_wconf 89' lang='lat'>31</span> <span class='ocrx_word' id='word_1_201' title='bbox 446 1574 500 1610; x_wconf 83' lang='lat' dir='ltr'>(an</span> <span class='ocrx_word' id='word_1_202' title='bbox 521 1573 639 1605; x_wconf 88' lang='lat' dir='ltr'>beiden</span> <span class='ocrx_word' id='word_1_203' title='bbox 660 1573 788 1606; x_wconf 92' lang='lat' dir='ltr'>Stellen</span> 
     </span>
     <span class='ocr_line' id='line_1_27' title="bbox 111 1616 787 1660; baseline 0.001 -11"><span class='ocrx_word' id='word_1_204' title='bbox 111 1617 143 1649; x_wconf 94' lang='lat' dir='ltr'>in</span> <span class='ocrx_word' id='word_1_205' title='bbox 190 1616 407 1660; x_wconf 85' lang='lat' dir='ltr'>Verbindung</span> <span class='ocrx_word' id='word_1_206' title='bbox 452 1618 511 1650; x_wconf 88' lang='lat' dir='ltr'>mit</span> <span class='ocrx_word' id='word_1_207' title='bbox 554 1620 721 1660; x_wconf 76' lang='lat' dir='ltr'>iuvenis),</span> <span class='ocrx_word' id='word_1_208' title='bbox 764 1617 787 1657; x_wconf 86' lang='lat' dir='ltr'>l,</span> 
     </span>
     <span class='ocr_line' id='line_1_28' title="bbox 111 1661 787 1704; baseline 0 -10"><span class='ocrx_word' id='word_1_209' title='bbox 111 1661 265 1695; x_wconf 90' lang='lat' dir='ltr'>Prooem.</span> <span class='ocrx_word' id='word_1_210' title='bbox 284 1664 325 1695; x_wconf 88' lang='grc'>23</span> <span class='ocrx_word' id='word_1_211' title='bbox 350 1662 386 1704; x_wconf 88' lang='grc'>11,</span> <span class='ocrx_word' id='word_1_212' title='bbox 414 1664 465 1704; x_wconf 88' lang='grc'>10,</span> <span class='ocrx_word' id='word_1_213' title='bbox 493 1664 544 1696; x_wconf 89' lang='grc'>15.</span> <span class='ocrx_word' id='word_1_214' title='bbox 570 1662 636 1703; x_wconf 81' lang='lat' dir='ltr'>Xll,</span> <span class='ocrx_word' id='word_1_215' title='bbox 664 1665 716 1704; x_wconf 89' lang='lat'>10,</span> <span class='ocrx_word' id='word_1_216' title='bbox 734 1664 787 1696; x_wconf 85' lang='lat'>62.</span> 
     </span>
     <span class='ocr_line' id='line_1_29' title="bbox 158 1706 789 1746; baseline 0.003 -8"><span class='ocrx_word' id='word_1_217' title='bbox 158 1707 355 1739; x_wconf 76' lang='lat' dir='ltr'>lectionum.</span> <span class='ocrx_word' id='word_1_218' title='bbox 405 1706 468 1740; x_wconf 89' lang='lat' dir='ltr'>Der</span> <span class='ocrx_word' id='word_1_219' title='bbox 485 1707 575 1741; x_wconf 89' lang='lat' dir='ltr'>Plur.</span> <span class='ocrx_word' id='word_1_220' title='bbox 601 1708 654 1741; x_wconf 91' lang='lat' dir='ltr'>bei</span> <span class='ocrx_word' id='word_1_221' title='bbox 676 1707 789 1746; x_wconf 86' lang='lat' dir='ltr'>Quint.</span> 
     </span>
     <span class='ocr_line' id='line_1_30' title="bbox 113 1751 789 1791; baseline 0 -7"><span class='ocrx_word' id='word_1_222' title='bbox 113 1762 173 1785; x_wconf 86' lang='lat' dir='ltr'>nur</span> <span class='ocrx_word' id='word_1_223' title='bbox 197 1762 237 1784; x_wconf 90' lang='lat' dir='ltr'>an</span> <span class='ocrx_word' id='word_1_224' title='bbox 264 1751 373 1785; x_wconf 86' lang='lat' dir='ltr'>dieser</span> <span class='ocrx_word' id='word_1_225' title='bbox 393 1752 510 1791; x_wconf 88' lang='lat' dir='ltr'>Stelle‚</span> <span class='ocrx_word' id='word_1_226' title='bbox 536 1763 590 1786; x_wconf 88' lang='lat' dir='ltr'>wo</span> <span class='ocrx_word' id='word_1_227' title='bbox 615 1753 675 1786; x_wconf 88' lang='lat' dir='ltr'>das</span> <span class='ocrx_word' id='word_1_228' title='bbox 695 1752 789 1785; x_wconf 89' lang='lat' dir='ltr'>Wort</span> 
     </span>
     <span class='ocr_line' id='line_1_31' title="bbox 113 1796 791 1840; baseline 0.003 -12"><span class='ocrx_word' id='word_1_229' title='bbox 113 1796 145 1828; x_wconf 88' lang='lat' dir='ltr'>in</span> <span class='ocrx_word' id='word_1_230' title='bbox 171 1797 324 1838; x_wconf 86' lang='lat' dir='ltr'>passiver</span> <span class='ocrx_word' id='word_1_231' title='bbox 342 1797 542 1839; x_wconf 85' lang='lat' dir='ltr'>Bedeutung</span> <span class='ocrx_word' id='word_1_232' title='bbox 567 1797 626 1830; x_wconf 88' lang='lat' dir='ltr'>das</span> <span class='ocrx_word' id='word_1_233' title='bbox 644 1807 716 1830; x_wconf 87' lang='lat' dir='ltr'>was</span> <span class='ocrx_word' id='word_1_234' title='bbox 734 1807 791 1840; x_wconf 83' lang='lat' dir='ltr'>ge-</span> 
     </span>
     <span class='ocr_line' id='line_1_32' title="bbox 113 1840 790 1884; baseline 0.003 -11"><span class='ocrx_word' id='word_1_235' title='bbox 113 1840 206 1873; x_wconf 90' lang='lat' dir='ltr'>lesen</span> <span class='ocrx_word' id='word_1_236' title='bbox 232 1841 316 1873; x_wconf 89' lang='lat' dir='ltr'>wird</span> <span class='ocrx_word' id='word_1_237' title='bbox 350 1842 560 1876; x_wconf 85' lang='lat' dir='ltr'>bezeichnet.</span> <span class='ocrx_word' id='word_1_238' title='bbox 608 1841 684 1884; x_wconf 77' lang='lat' dir='ltr'>vgi.</span> <span class='ocrx_word' id='word_1_239' title='bbox 711 1842 790 1876; x_wconf 92' lang='lat' dir='ltr'>Cod.</span> 
     </span>
     <span class='ocr_line' id='line_1_33' title="bbox 113 1885 791 1926; baseline 0 -8"><span class='ocrx_word' id='word_1_240' title='bbox 113 1885 227 1918; x_wconf 74' lang='lat' dir='ltr'>lustin.</span> <span class='ocrx_word' id='word_1_241' title='bbox 254 1885 304 1926; x_wconf 81' lang='lat' dir='ltr'>Vl,</span> <span class='ocrx_word' id='word_1_242' title='bbox 322 1887 375 1926; x_wconf 85' lang='grc'>61,</span> <span class='ocrx_word' id='word_1_243' title='bbox 394 1890 430 1919; x_wconf 86' lang='lat'>5:</span> <span class='ocrx_word' id='word_1_244' title='bbox 456 1887 602 1919; x_wconf 76' lang='lat' dir='ltr'>diversis</span> <span class='ocrx_word' id='word_1_245' title='bbox 618 1889 708 1919; x_wconf 79' lang='lat' dir='ltr'>iuris</span> <span class='ocrx_word' id='word_1_246' title='bbox 727 1888 791 1919; x_wconf 81' lang='lat' dir='ltr'>Iec-</span> 
     </span>
     <span class='ocr_line' id='line_1_34' title="bbox 113 1932 521 1973; baseline 0.003 -11"><span class='ocrx_word' id='word_1_247' title='bbox 113 1932 268 1963; x_wconf 79' lang='lat' dir='ltr'>tiom&#39;lms</span> <span class='ocrx_word' id='word_1_248' title='bbox 291 1949 336 1955; x_wconf 94' lang='lat'>—-</span> <span class='ocrx_word' id='word_1_249' title='bbox 358 1933 521 1973; x_wconf 83' lang='lat' dir='ltr'>probare.</span> 
     </span>
     <span class='ocr_line' id='line_1_35' title="bbox 159 1976 794 2019; baseline 0.002 -11"><span class='ocrx_word' id='word_1_250' title='bbox 159 1977 213 2009; x_wconf 85' lang='lat'>46.</span> <span class='ocrx_word' id='word_1_251' title='bbox 239 1976 384 2015; x_wconf 72' lang='lat' dir='ltr'>Aratus,</span> <span class='ocrx_word' id='word_1_252' title='bbox 410 1987 436 2009; x_wconf 88' lang='lat' dir='ltr'>s.</span> <span class='ocrx_word' id='word_1_253' title='bbox 462 1977 560 2017; x_wconf 60' lang='lat'>§55</span> <span class='ocrx_word' id='word_1_254' title='bbox 608 1976 667 2009; x_wconf 91' lang='lat' dir='ltr'>Die</span> <span class='ocrx_word' id='word_1_255' title='bbox 693 1986 794 2019; x_wconf 86' lang='lat' dir='ltr'>ange—</span> 
     </span>
     <span class='ocr_line' id='line_1_36' title="bbox 115 2019 793 2074; baseline 0.001 -21"><span class='ocrx_word' id='word_1_256' title='bbox 115 2019 248 2053; x_wconf 76' lang='lat' dir='ltr'>sfihrten</span> <span class='ocrx_word' id='word_1_257' title='bbox 269 2020 383 2054; x_wconf 86' lang='lat' dir='ltr'>Worte</span> <span class='ocrx_word' id='word_1_258' title='bbox 409 2021 484 2054; x_wconf 89' lang='lat' dir='ltr'>sind</span> <span class='ocrx_word' id='word_1_259' title='bbox 509 2020 567 2053; x_wconf 90' lang='lat' dir='ltr'>der</span> <span class='ocrx_word' id='word_1_260' title='bbox 567 2021 716 2074; x_wconf 81' lang='lat' dir='ltr'>Ansang</span> <span class='ocrx_word' id='word_1_261' title='bbox 735 2023 793 2054; x_wconf 91' lang='lat' dir='ltr'>der</span> 
     </span>
     <span class='ocr_line' id='line_1_37' title="bbox 363 2061 792 2110; baseline 0 -12"><span class='ocrx_word' id='word_1_262' title='bbox 363 2062 445 2098; x_wconf 82' lang='grc' dir='ltr'>;Ἐκ</span> <span class='ocrx_word' id='word_1_263' title='bbox 460 2063 542 2098; x_wconf 78' lang='grc' dir='ltr'><em>Διὸς</em></span> <span class='ocrx_word' id='word_1_264' title='bbox 557 2061 792 2110; x_wconf 71' lang='grc' dir='ltr'><em>ἇρχώμεσθα</em></span> 
     </span>
     <span class='ocr_line' id='line_1_38' title="bbox 116 2108 792 2153; baseline 0.005 -11"><span class='ocrx_word' id='word_1_265' title='bbox 116 2108 276 2143; x_wconf 88' lang='lat' dir='ltr'>Dasselbe</span> <span class='ocrx_word' id='word_1_266' title='bbox 295 2110 463 2144; x_wconf 73' lang='lat' dir='ltr'>citatem</span> <span class='ocrx_word' id='word_1_267' title='bbox 490 2110 531 2143; x_wconf 91' lang='lat' dir='ltr'>de</span> <span class='ocrx_word' id='word_1_268' title='bbox 549 2111 679 2153; x_wconf 89' lang='lat' dir='ltr'>republ.</span> <span class='ocrx_word' id='word_1_269' title='bbox 699 2114 724 2150; x_wconf 90' lang='grc'>1</span> <span class='ocrx_word' id='word_1_270' title='bbox 740 2113 792 2145; x_wconf 87' lang='grc'>36.</span> 
     </span>
     <span class='ocr_line' id='line_1_39' title="bbox 161 2155 794 2197; baseline 0.002 -10"><span class='ocrx_word' id='word_1_271' title='bbox 161 2157 328 2197; x_wconf 75' lang='lat' dir='ltr'>coepturi,</span> <span class='ocrx_word' id='word_1_272' title='bbox 354 2155 425 2188; x_wconf 86' lang='lat' dir='ltr'>dies</span> <span class='ocrx_word' id='word_1_273' title='bbox 444 2155 589 2188; x_wconf 85' lang='lat' dir='ltr'>Verbum</span> <span class='ocrx_word' id='word_1_274' title='bbox 614 2156 682 2189; x_wconf 91' lang='lat' dir='ltr'>und</span> <span class='ocrx_word' id='word_1_275' title='bbox 707 2158 794 2188; x_wconf 72' lang='lat' dir='ltr'>inci-</span> 
     </span>
     <span class='ocr_line' id='line_1_40' title="bbox 115 2200 792 2242; baseline 0.005 -11"><span class='ocrx_word' id='word_1_276' title='bbox 115 2210 199 2242; x_wconf 78' lang='lat' dir='ltr'>pere</span> <span class='ocrx_word' id='word_1_277' title='bbox 219 2200 355 2233; x_wconf 84' lang='lat' dir='ltr'>werden</span> <span class='ocrx_word' id='word_1_278' title='bbox 373 2200 642 2234; x_wconf 83' lang='lat' dir='ltr'>unterschiedtos</span> <span class='ocrx_word' id='word_1_279' title='bbox 668 2201 792 2234; x_wconf 87' lang='lat' dir='ltr'>neben-</span> 
     </span>
     <span class='ocr_line' id='line_1_41' title="bbox 116 2244 792 2289; baseline 0.001 -12"><span class='ocrx_word' id='word_1_280' title='bbox 116 2244 274 2278; x_wconf 87' lang='lat' dir='ltr'>einander</span> <span class='ocrx_word' id='word_1_281' title='bbox 287 2245 479 2287; x_wconf 73' lang='lat' dir='ltr'>gebraucht.</span> <span class='ocrx_word' id='word_1_282' title='bbox 500 2245 566 2278; x_wconf 89' lang='lat' dir='ltr'>Das</span> <span class='ocrx_word' id='word_1_283' title='bbox 575 2245 792 2289; x_wconf 83' lang='lat' dir='ltr'>Participium</span> 
     </span>
     <span class='ocr_line' id='line_1_42' title="bbox 118 2288 792 2324; baseline 0.003 -2"><span class='ocrx_word' id='word_1_284' title='bbox 118 2288 178 2322; x_wconf 87' lang='lat' dir='ltr'>des</span> <span class='ocrx_word' id='word_1_285' title='bbox 193 2289 372 2323; x_wconf 83' lang='lat' dir='ltr'>Futurums</span> <span class='ocrx_word' id='word_1_286' title='bbox 398 2290 509 2322; x_wconf 79' lang='lat' dir='ltr'>Activi</span> <span class='ocrx_word' id='word_1_287' title='bbox 535 2291 622 2324; x_wconf 89' lang='lat' dir='ltr'>ohne</span> <span class='ocrx_word' id='word_1_288' title='bbox 647 2302 717 2323; x_wconf 78' lang='lat' dir='ltr'>esse</span> <span class='ocrx_word' id='word_1_289' title='bbox 742 2302 792 2324; x_wconf 89' lang='lat' dir='ltr'>er-</span> 
     </span>
     <span class='ocr_line' id='line_1_43' title="bbox 118 2334 792 2369; baseline 0.004 -3"><span class='ocrx_word' id='word_1_290' title='bbox 118 2336 205 2366; x_wconf 78' lang='lat' dir='ltr'>setzt</span> <span class='ocrx_word' id='word_1_291' title='bbox 217 2334 281 2367; x_wconf 89' lang='lat' dir='ltr'>den</span> <span class='ocrx_word' id='word_1_292' title='bbox 293 2334 442 2368; x_wconf 79' lang='lat' dir='ltr'>Infinitiv</span> <span class='ocrx_word' id='word_1_293' title='bbox 454 2334 513 2368; x_wconf 87' lang='lat' dir='ltr'>des</span> <span class='ocrx_word' id='word_1_294' title='bbox 530 2334 707 2369; x_wconf 85' lang='lat' dir='ltr'>Futurums</span> <span class='ocrx_word' id='word_1_295' title='bbox 724 2336 792 2369; x_wconf 90' lang='lat' dir='ltr'>und</span> 
     </span>
     <span class='ocr_line' id='line_1_44' title="bbox 119 2376 794 2431; baseline 0.004 -22"><span class='ocrx_word' id='word_1_296' title='bbox 119 2376 223 2431; x_wconf 79' lang='lat' dir='ltr'>findet</span> <span class='ocrx_word' id='word_1_297' title='bbox 240 2379 310 2412; x_wconf 88' lang='lat' dir='ltr'>sich</span> <span class='ocrx_word' id='word_1_298' title='bbox 328 2379 412 2412; x_wconf 88' lang='lat' dir='ltr'>auch</span> <span class='ocrx_word' id='word_1_299' title='bbox 428 2379 482 2421; x_wconf 73' lang='lat' dir='ltr'>Vl,</span> <span class='ocrx_word' id='word_1_300' title='bbox 497 2379 648 2414; x_wconf 84' lang='lat' dir='ltr'>Prooem.</span> <span class='ocrx_word' id='word_1_301' title='bbox 668 2383 680 2414; x_wconf 95' lang='lat'>1</span> <span class='ocrx_word' id='word_1_302' title='bbox 703 2382 794 2413; x_wconf 75' lang='lat' dir='ltr'>lianc</span> 
     </span>
     <span class='ocr_line' id='line_1_45' title="bbox 119 2425 794 2511; baseline 0.007 -13"><span class='ocrx_word' id='word_1_303' title='bbox 119 2425 794 2511; x_wconf 41' lang='lat' dir='ltr'>2523Z53.33252,&#39;5300553523¹35}</span> 
     </span>
    </p>
   </div>
   <div class='ocr_carea' id='block_1_4' title="bbox 114 2516 795 2591">
    <p class='ocr_par' dir='ltr' id='par_1_6' title="bbox 114 2516 795 2591">
     <span class='ocr_line' id='line_1_46' title="bbox 114 2516 795 2556; baseline 0.004 -12"><span class='ocrx_word' id='word_1_304' title='bbox 114 2516 304 2555; x_wconf 80' lang='lat' dir='ltr'>praecepta</span> <span class='ocrx_word' id='word_1_305' title='bbox 339 2516 390 2547; x_wconf 77' lang='lat' dir='ltr'>sic</span> <span class='ocrx_word' id='word_1_306' title='bbox 430 2516 559 2556; x_wconf 75' lang='lat' dir='ltr'>optime</span> <span class='ocrx_word' id='word_1_307' title='bbox 598 2516 795 2548; x_wconf 77' lang='lat' dir='ltr'>divisuri</span> 
     </span>
     <span class='ocr_line' id='line_1_47' title="bbox 119 2557 386 2591; baseline 0.007 -2"><span class='ocrx_word' id='word_1_308' title='bbox 119 2557 279 2590; x_wconf 73' lang='lat' dir='ltr'>videmur</span> <span class='ocrx_word' id='word_1_309' title='bbox 302 2568 333 2590; x_wconf 91' lang='grc'>11.</span> <span class='ocrx_word' id='word_1_310' title='bbox 358 2568 386 2591; x_wconf 90' lang='lat' dir='ltr'>a.</span> 
     </span>
    </p>
   </div>
   <div class='ocr_carea' id='block_1_5' title="bbox 857 1348 1539 2244">
    <p class='ocr_par' dir='ltr' id='par_1_7' title="bbox 857 1348 1535 1570">
     <span class='ocr_line' id='line_1_48' title="bbox 903 1348 1367 1390; baseline 0.007 -11"><span class='ocrx_word' id='word_1_311' title='bbox 903 1349 989 1380; x_wconf 74' lang='lat' dir='ltr'>di&#39;ezt</span> <span class='ocrx_word' id='word_1_312' title='bbox 1014 1351 1095 1390; x_wconf 81' lang='lat' dir='ltr'>ipse</span> <span class='ocrx_word' id='word_1_313' title='bbox 1120 1348 1155 1381; x_wconf 92' lang='lat' dir='ltr'>Il.</span> <span class='ocrx_word' id='word_1_314' title='bbox 1182 1348 1266 1387; x_wconf 76' lang='lat' dir='ltr'>xxi</span> <span class='ocrx_word' id='word_1_315' title='bbox 1294 1350 1367 1382; x_wconf 87' lang='lat'>196.</span> 
     </span>
     <span class='ocr_line' id='line_1_49' title="bbox 900 1389 1533 1435; baseline 0.003 -11"><span class='ocrx_word' id='word_1_316' title='bbox 900 1395 1137 1435; x_wconf 25' lang='lat' dir='ltr'>properetate</span> <span class='ocrx_word' id='word_1_317' title='bbox 1189 1389 1533 1435; x_wconf 39' lang='lat' dir='ltr'>‘Angemessenheitss</span> 
     </span>
     <span class='ocr_line' id='line_1_50' title="bbox 858 1420 1533 1478; baseline 0.004 -11"><span class='ocrx_word' id='word_1_318' title='bbox 858 1439 970 1475; x_wconf 74' lang='lat' dir='ltr'>Quint.</span> <span class='ocrx_word' id='word_1_319' title='bbox 992 1437 1072 1478; x_wconf 75' lang='lat' dir='ltr'>Vlll.</span> <span class='ocrx_word' id='word_1_320' title='bbox 1092 1440 1122 1478; x_wconf 85' lang='lat'>2,</span> <span class='ocrx_word' id='word_1_321' title='bbox 1144 1440 1156 1471; x_wconf 86' lang='lat' dir='ltr'>l</span> <span class='ocrx_word' id='word_1_322' title='bbox 1186 1438 1344 1471; x_wconf 80' lang='lat' dir='ltr'>erlautert</span> <span class='ocrx_word' id='word_1_323' title='bbox 1371 1448 1406 1471; x_wconf 87' lang='lat' dir='ltr'>es</span> <span class='ocrx_word' id='word_1_324' title='bbox 1431 1420 1533 1471; x_wconf 81' lang='lat' dir='ltr'>durch</span> 
     </span>
     <span class='ocr_line' id='line_1_51' title="bbox 857 1483 1535 1525; baseline 0 -11"><span class='ocrx_word' id='word_1_325' title='bbox 857 1493 920 1515; x_wconf 76' lang='lat' dir='ltr'>sua</span> <span class='ocrx_word' id='word_1_326' title='bbox 948 1485 1118 1525; x_wconf 79' lang='lat' dir='ltr'>cuiusque</span> <span class='ocrx_word' id='word_1_327' title='bbox 1141 1485 1196 1515; x_wconf 81' lang='lat' dir='ltr'>rei</span> <span class='ocrx_word' id='word_1_328' title='bbox 1221 1484 1422 1525; x_wconf 79' lang='lat' dir='ltr'>appellatio.</span> <span class='ocrx_word' id='word_1_329' title='bbox 1472 1483 1535 1515; x_wconf 83' lang='lat' dir='ltr'>Der</span> 
     </span>
     <span class='ocr_line' id='line_1_52' title="bbox 859 1527 1535 1570; baseline -0.001 -10"><span class='ocrx_word' id='word_1_330' title='bbox 859 1527 1047 1570; x_wconf 83' lang='lat' dir='ltr'>Gegensatz</span> <span class='ocrx_word' id='word_1_331' title='bbox 1084 1528 1130 1560; x_wconf 82' lang='lat' dir='ltr'>ist</span> <span class='ocrx_word' id='word_1_332' title='bbox 1160 1528 1371 1562; x_wconf 57' lang='lat' dir='ltr'>sublmziws</span> <span class='ocrx_word' id='word_1_333' title='bbox 1409 1529 1535 1561; x_wconf 81' lang='lat' dir='ltr'>ehenso</span> 
     </span>
    </p>

    <p class='ocr_par' dir='ltr' id='par_1_8' title="bbox 858 1573 1391 1616">
     <span class='ocr_line' id='line_1_53' title="bbox 858 1573 1391 1616; baseline 0.002 -11"><span class='ocrx_word' id='word_1_334' title='bbox 858 1574 878 1614; x_wconf 66' lang='grc' dir='ltr'><strong>ξ</strong></span> <span class='ocrx_word' id='word_1_335' title='bbox 904 1574 957 1613; x_wconf 76' lang='lat'>64,</span> <span class='ocrx_word' id='word_1_336' title='bbox 984 1573 1103 1606; x_wconf 88' lang='lat' dir='ltr'>anders</span> <span class='ocrx_word' id='word_1_337' title='bbox 1128 1573 1149 1616; x_wconf 69' lang='grc' dir='ltr'><em>ξ</em></span> <span class='ocrx_word' id='word_1_338' title='bbox 1175 1576 1204 1606; x_wconf 97' lang='grc'><strong>6.</strong></span> <span class='ocrx_word' id='word_1_339' title='bbox 1231 1575 1284 1607; x_wconf 82' lang='grc'><strong>29.</strong></span> <span class='ocrx_word' id='word_1_340' title='bbox 1310 1577 1341 1614; x_wconf 77' lang='grc'>5,</span> <span class='ocrx_word' id='word_1_341' title='bbox 1362 1576 1391 1606; x_wconf 84' lang='lat'>8.</span> 
     </span>
    </p>

    <p class='ocr_par' dir='ltr' id='par_1_9' title="bbox 858 1613 1539 2064">
     <span class='ocr_line' id='line_1_54' title="bbox 903 1613 1537 1659; baseline 0.002 -9"><span class='ocrx_word' id='word_1_342' title='bbox 903 1619 1024 1659; x_wconf 82' lang='lat' dir='ltr'>laetus,</span> <span class='ocrx_word' id='word_1_343' title='bbox 1047 1613 1231 1658; x_wconf 47' lang='lat' dir='ltr'>‘bluhendss</span> <span class='ocrx_word' id='word_1_344' title='bbox 1256 1618 1329 1651; x_wconf 87' lang='lat' dir='ltr'>hier</span> <span class='ocrx_word' id='word_1_345' title='bbox 1352 1629 1418 1651; x_wconf 63' lang='lat' dir='ltr'>ion</span> <span class='ocrx_word' id='word_1_346' title='bbox 1445 1619 1537 1651; x_wconf 84' lang='lat' dir='ltr'>einer</span> 
     </span>
     <span class='ocr_line' id='line_1_55' title="bbox 858 1662 1535 1705; baseline 0 -10"><span class='ocrx_word' id='word_1_347' title='bbox 858 1662 983 1695; x_wconf 86' lang='lat' dir='ltr'>Person</span> <span class='ocrx_word' id='word_1_348' title='bbox 1026 1667 1162 1705; x_wconf 82' lang='lat' dir='ltr'>gesagt‚</span> <span class='ocrx_word' id='word_1_349' title='bbox 1211 1663 1425 1705; x_wconf 70' lang='lat' dir='ltr'>gewohnlich</span> <span class='ocrx_word' id='word_1_350' title='bbox 1470 1673 1535 1696; x_wconf 76' lang='grc'>1011</span> 
     </span>
     <span class='ocr_line' id='line_1_56' title="bbox 860 1708 1536 1750; baseline 0 -10"><span class='ocrx_word' id='word_1_351' title='bbox 860 1708 1000 1747; x_wconf 86' lang='lat' dir='ltr'>Sachen</span> <span class='ocrx_word' id='word_1_352' title='bbox 1028 1709 1096 1750; x_wconf 36' lang='lat' dir='ltr'>xffgl</span> <span class='ocrx_word' id='word_1_353' title='bbox 1110 1708 1164 1747; x_wconf 78' lang='lat' dir='ltr'>xl,</span> <span class='ocrx_word' id='word_1_354' title='bbox 1181 1711 1209 1748; x_wconf 93' lang='lat'>1</span> <span class='ocrx_word' id='word_1_355' title='bbox 1223 1710 1266 1742; x_wconf 85' lang='lat'>34</span> <span class='ocrx_word' id='word_1_356' title='bbox 1293 1709 1355 1740; x_wconf 83' lang='grc' dir='ltr'><em>ιΙΙα</em></span> <span class='ocrx_word' id='word_1_357' title='bbox 1374 1708 1536 1743; x_wconf 76' lang='lat' dir='ltr'>laetiora</span> 
     </span>
     <span class='ocr_line' id='line_1_57' title="bbox 861 1750 1537 1795; baseline 0.001 -11"><span class='ocrx_word' id='word_1_358' title='bbox 861 1753 981 1795; x_wconf 79' lang='lat' dir='ltr'>qualia</span> <span class='ocrx_word' id='word_1_359' title='bbox 1007 1765 1027 1785; x_wconf 89' lang='grc' dir='ltr'><em>α</em></span> <span class='ocrx_word' id='word_1_360' title='bbox 1051 1753 1218 1786; x_wconf 74' lang='lat' dir='ltr'>Cicerone</span> <span class='ocrx_word' id='word_1_361' title='bbox 1243 1750 1442 1785; x_wconf 78' lang='lat' dir='ltr'>dicuntnr‘</span> <span class='ocrx_word' id='word_1_362' title='bbox 1447 1764 1537 1785; x_wconf 63' lang='lat' dir='ltr'>sama</span> 
     </span>
     <span class='ocr_line' id='line_1_58' title="bbox 860 1795 1539 1850; baseline 0.003 -21"><span class='ocrx_word' id='word_1_363' title='bbox 860 1801 965 1839; x_wconf 81' lang='lat' dir='ltr'>atque</span> <span class='ocrx_word' id='word_1_364' title='bbox 981 1798 1189 1830; x_wconf 77' lang='lat' dir='ltr'>solitudines</span> <span class='ocrx_word' id='word_1_365' title='bbox 1205 1801 1284 1830; x_wconf 83' lang='lat' dir='ltr'>voci</span> <span class='ocrx_word' id='word_1_366' title='bbox 1296 1795 1523 1850; x_wconf 56' lang='lat' dir='ltr'>respondens</span> <span class='ocrx_word' id='word_1_367' title='bbox 1532 1824 1539 1831; x_wconf 85' lang='lat'>.</span> 
     </span>
     <span class='ocr_line' id='line_1_59' title="bbox 861 1839 1538 1897; baseline -0.002 -22"><span class='ocrx_word' id='word_1_368' title='bbox 861 1842 919 1875; x_wconf 85' lang='lat' dir='ltr'>der</span> <span class='ocrx_word' id='word_1_369' title='bbox 955 1842 1144 1885; x_wconf 80' lang='lat' dir='ltr'>Gegensatz</span> <span class='ocrx_word' id='word_1_370' title='bbox 1189 1843 1231 1875; x_wconf 87' lang='lat' dir='ltr'>ist</span> <span class='ocrx_word' id='word_1_371' title='bbox 1271 1854 1347 1897; x_wconf 80' lang='lat' dir='ltr'>pre.</span> <span class='ocrx_word' id='word_1_372' title='bbox 1340 1854 1428 1882; x_wconf 72' lang='lat' dir='ltr'>e,sns</span> <span class='ocrx_word' id='word_1_373' title='bbox 1470 1839 1538 1885; x_wconf 86' lang='lat' dir='ltr'>‘ge-</span> 
     </span>
     <span class='ocr_line' id='line_1_60' title="bbox 862 1882 1538 1930; baseline 0 -10"><span class='ocrx_word' id='word_1_374' title='bbox 862 1884 996 1929; x_wconf 81' lang='lat' dir='ltr'>drangt&#39;</span> <span class='ocrx_word' id='word_1_375' title='bbox 1023 1885 1158 1929; x_wconf 82' lang='lat' dir='ltr'>‘knapp&#39;</span> <span class='ocrx_word' id='word_1_376' title='bbox 1183 1882 1338 1920; x_wconf 81' lang='lat' dir='ltr'>einfach’</span> <span class='ocrx_word' id='word_1_377' title='bbox 1366 1888 1433 1929; x_wconf 64' lang='lat' dir='ltr'>xgl.</span> <span class='ocrx_word' id='word_1_378' title='bbox 1449 1888 1538 1930; x_wconf 76' lang='lat'>§44</span> 
     </span>
     <span class='ocr_line' id='line_1_61' title="bbox 861 1931 1537 1974; baseline 0.002 -10"><span class='ocrx_word' id='word_1_379' title='bbox 861 1931 914 1965; x_wconf 86' lang='lat' dir='ltr'>die</span> <span class='ocrx_word' id='word_1_380' title='bbox 940 1934 1132 1974; x_wconf 82' lang='lat' dir='ltr'>Ausartung</span> <span class='ocrx_word' id='word_1_381' title='bbox 1161 1932 1370 1965; x_wconf 67' lang='lat' dir='ltr'>luoeurmsns</span> <span class='ocrx_word' id='word_1_382' title='bbox 1392 1932 1459 1965; x_wconf 80' lang='grc' dir='ltr'><strong>ΧΠ.</strong></span> <span class='ocrx_word' id='word_1_383' title='bbox 1489 1935 1537 1968; x_wconf 84' lang='grc'>10</span> 
     </span>
     <span class='ocr_line' id='line_1_62' title="bbox 862 1977 1537 2011; baseline -0.003 0"><span class='ocrx_word' id='word_1_384' title='bbox 862 1979 920 2011; x_wconf 84' lang='grc'>80;</span> <span class='ocrx_word' id='word_1_385' title='bbox 948 1978 1062 2010; x_wconf 77' lang='lat' dir='ltr'>laeta</span> <span class='ocrx_word' id='word_1_386' title='bbox 1089 1988 1159 2009; x_wconf 83' lang='lat' dir='ltr'>uon</span> <span class='ocrx_word' id='word_1_387' title='bbox 1187 1978 1445 2011; x_wconf 66' lang='grc' dir='ltr'>Ιηασιινιοεα.</span> <span class='ocrx_word' id='word_1_388' title='bbox 1471 1977 1537 2010; x_wconf 91' lang='lat' dir='ltr'>und</span> 
     </span>
     <span class='ocr_line' id='line_1_63' title="bbox 862 2024 1184 2064; baseline 0 -10"><span class='ocrx_word' id='word_1_389' title='bbox 862 2025 1050 2064; x_wconf 72' lang='lat' dir='ltr'>eom-uptus</span> <span class='ocrx_word' id='word_1_390' title='bbox 1075 2024 1106 2062; x_wconf 81' lang='lat'>2,</span> <span class='ocrx_word' id='word_1_391' title='bbox 1137 2024 1184 2056; x_wconf 85' lang='lat'>16.</span> 
     </span>
    </p>

    <p class='ocr_par' dir='ltr' id='par_1_10' title="bbox 861 2067 1538 2235">
     <span class='ocr_line' id='line_1_64' title="bbox 907 2067 1536 2109; baseline -0.002 -10"><span class='ocrx_word' id='word_1_392' title='bbox 907 2069 960 2100; x_wconf 76' lang='lat'>47.</span> <span class='ocrx_word' id='word_1_393' title='bbox 997 2067 1030 2099; x_wconf 91' lang='lat' dir='ltr'>ln</span> <span class='ocrx_word' id='word_1_394' title='bbox 1063 2067 1189 2100; x_wconf 87' lang='lat' dir='ltr'>diesem</span> <span class='ocrx_word' id='word_1_395' title='bbox 1223 2068 1243 2109; x_wconf 64' lang='grc' dir='ltr'><strong>ξ</strong></span> <span class='ocrx_word' id='word_1_396' title='bbox 1276 2067 1351 2100; x_wconf 86' lang='lat' dir='ltr'>sind</span> <span class='ocrx_word' id='word_1_397' title='bbox 1382 2067 1435 2100; x_wconf 90' lang='lat' dir='ltr'>die</span> <span class='ocrx_word' id='word_1_398' title='bbox 1469 2067 1536 2099; x_wconf 82' lang='lat' dir='ltr'>drei</span> 
     </span>
     <span class='ocr_line' id='line_1_65' title="bbox 861 2111 1538 2156; baseline 0 -12"><span class='ocrx_word' id='word_1_399' title='bbox 861 2111 1161 2156; x_wconf 85' lang='lat' dir='ltr'>Hauptgattungen</span> <span class='ocrx_word' id='word_1_400' title='bbox 1187 2112 1245 2145; x_wconf 87' lang='lat' dir='ltr'>der</span> <span class='ocrx_word' id='word_1_401' title='bbox 1268 2112 1378 2153; x_wconf 77' lang='lat' dir='ltr'>Rede,</span> <span class='ocrx_word' id='word_1_402' title='bbox 1408 2112 1538 2145; x_wconf 83' lang='lat' dir='ltr'>welche</span> 
     </span>
     <span class='ocr_line' id='line_1_66' title="bbox 863 2157 1537 2199; baseline 0 -10"><span class='ocrx_word' id='word_1_403' title='bbox 863 2167 929 2190; x_wconf 87' lang='grc' dir='ltr'>1·οη</span> <span class='ocrx_word' id='word_1_404' title='bbox 967 2157 1030 2190; x_wconf 89' lang='lat' dir='ltr'>den</span> <span class='ocrx_word' id='word_1_405' title='bbox 1064 2157 1285 2190; x_wconf 83' lang='lat' dir='ltr'>Rhetorikern</span> <span class='ocrx_word' id='word_1_406' title='bbox 1324 2157 1537 2199; x_wconf 75' lang='lat' dir='ltr'>gewohnlich</span> 
     </span>
     <span class='ocr_line' id='line_1_67' title="bbox 862 2201 1536 2244; baseline 0 -10"><span class='ocrx_word' id='word_1_407' title='bbox 862 2201 1120 2235; x_wconf 86' lang='lat' dir='ltr'>unterschieden</span> <span class='ocrx_word' id='word_1_408' title='bbox 1146 2202 1295 2235; x_wconf 89' lang='lat' dir='ltr'>wurden.</span> <span class='ocrx_word' id='word_1_409' title='bbox 1322 2202 1536 2244; x_wconf 85' lang='lat' dir='ltr'>angedeutet</span> 
     </span>
    </p>
   </div>
   <div class='ocr_carea' id='block_1_6' title="bbox 863 2225 1613 2297">
    <p class='ocr_par' dir='ltr' id='par_1_11' title="bbox 863 2225 1613 2297">
     <span class='ocr_line' id='line_1_68' title="bbox 863 2225 1613 2297; baseline -0.001 -18"><span class='ocrx_word' id='word_1_410' title='bbox 863 2247 922 2279; x_wconf 86' lang='lat' dir='ltr'>das</span> <span class='ocrx_word' id='word_1_411' title='bbox 951 2257 1066 2289; x_wconf 79' lang='lat' dir='ltr'>genus</span> <span class='ocrx_word' id='word_1_412' title='bbox 1098 2247 1338 2297; x_wconf 37' lang='lat' dir='ltr'>Jaudatzwtp———g-zm</span> <span class='ocrx_word' id='word_1_413' title='bbox 1370 2248 1540 2279; x_wconf 76' lang='lat' dir='ltr'>delibera·</span> <span class='ocrx_word' id='word_1_414' title='bbox 1556 2225 1613 2289; x_wconf 55' lang='lat' dir='ltr'>§s</span> 
     </span>
    </p>
   </div>
   <div class='ocr_carea' id='block_1_7' title="bbox 863 2294 912 2324">
    <p class='ocr_par' dir='ltr' id='par_1_12' title="bbox 863 2294 912 2324">
     <span class='ocr_line' id='line_1_69' title="bbox 863 2294 912 2324; baseline 0 0"><span class='ocrx_word' id='word_1_415' title='bbox 863 2294 912 2324; x_wconf 65' lang='lat' dir='ltr'>tiz</span> 
     </span>
    </p>
   </div>
   <div class='ocr_carea' id='block_1_8' title="bbox 1003 2292 1484 2338">
    <p class='ocr_par' dir='ltr' id='par_1_13' title="bbox 1003 2292 1484 2338">
     <span class='ocr_line' id='line_1_70' title="bbox 1003 2292 1484 2338; baseline -0.002 -14"><span class='ocrx_word' id='word_1_416' title='bbox 1003 2294 1076 2324; x_wconf 57' lang='lat' dir='ltr'>sice</span> <span class='ocrx_word' id='word_1_417' title='bbox 1103 2303 1325 2338; x_wconf 53' lang='lat' dir='ltr'>&amp;Qum-</span> <span class='ocrx_word' id='word_1_418' title='bbox 1341 2292 1408 2324; x_wconf 92' lang='lat' dir='ltr'>und</span> <span class='ocrx_word' id='word_1_419' title='bbox 1447 2294 1484 2323; x_wconf 84' lang='lat' dir='ltr'>iu</span> 
     </span>
    </p>
   </div>
   <div class='ocr_carea' id='block_1_9' title="bbox 813 2336 1540 2423">
    <p class='ocr_par' dir='ltr' id='par_1_14' title="bbox 813 2336 1540 2423">
     <span class='ocr_line' id='line_1_71' title="bbox 849 2336 1540 2420; baseline 0 -52"><span class='ocrx_word' id='word_1_420' title='bbox 849 2337 1044 2420; x_wconf 46' lang='lat' dir='ltr'>{gl-geme</span> <span class='ocrx_word' id='word_1_421' title='bbox 1063 2336 1290 2370; x_wconf 77' lang='lat' dir='ltr'>betreffenden</span> <span class='ocrx_word' id='word_1_422' title='bbox 1310 2336 1440 2370; x_wconf 87' lang='lat' dir='ltr'>Scenen</span> <span class='ocrx_word' id='word_1_423' title='bbox 1483 2337 1540 2369; x_wconf 88' lang='lat' dir='ltr'>ebt</span> 
     </span>
     <span class='ocr_line' id='line_1_72' title="bbox 813 2381 1539 2423; baseline 0 -9"><span class='ocrx_word' id='word_1_424' title='bbox 813 2418 817 2422; x_wconf 57' lang='grc'>,</span> <span class='ocrx_word' id='word_1_425' title='bbox 895 2382 965 2414; x_wconf 90' lang='lat' dir='ltr'>uint</span> <span class='ocrx_word' id='word_1_426' title='bbox 990 2382 1081 2414; x_wconf 84' lang='lat' dir='ltr'>nicht</span> <span class='ocrx_word' id='word_1_427' title='bbox 1100 2392 1219 2423; x_wconf 78' lang='lat' dir='ltr'>wegen</span> <span class='ocrx_word' id='word_1_428' title='bbox 1238 2382 1325 2414; x_wconf 86' lang='lat' dir='ltr'>ihrer</span> <span class='ocrx_word' id='word_1_429' title='bbox 1342 2381 1539 2423; x_wconf 82' lang='lat' dir='ltr'>poetischen</span> 
     </span>
    </p>
   </div>
   <div class='ocr_carea' id='block_1_10' title="bbox 863 2426 1543 2593">
    <p class='ocr_par' dir='ltr' id='par_1_15' title="bbox 863 2426 1543 2593">
     <span class='ocr_line' id='line_1_73' title="bbox 864 2426 1542 2468; baseline 0.001 -11"><span class='ocrx_word' id='word_1_430' title='bbox 864 2426 1019 2468; x_wconf 81' lang='lat' dir='ltr'>Vorzuge</span> <span class='ocrx_word' id='word_1_431' title='bbox 1044 2426 1182 2463; x_wconf 81' lang='lat' dir='ltr'>herror,</span> <span class='ocrx_word' id='word_1_432' title='bbox 1209 2426 1352 2459; x_wconf 87' lang='lat' dir='ltr'>sondern</span> <span class='ocrx_word' id='word_1_433' title='bbox 1377 2426 1542 2459; x_wconf 71' lang='lat' dir='ltr'>vielmehr</span> 
     </span>
     <span class='ocr_line' id='line_1_74' title="bbox 863 2470 1542 2511; baseline 0 -8"><span class='ocrx_word' id='word_1_434' title='bbox 863 2470 1020 2511; x_wconf 86' lang='lat' dir='ltr'>deshalh‚</span> <span class='ocrx_word' id='word_1_435' title='bbox 1057 2471 1135 2503; x_wconf 87' lang='lat' dir='ltr'>weil</span> <span class='ocrx_word' id='word_1_436' title='bbox 1171 2471 1204 2503; x_wconf 84' lang='lat' dir='ltr'>in</span> <span class='ocrx_word' id='word_1_437' title='bbox 1235 2471 1336 2504; x_wconf 88' lang='lat' dir='ltr'>ihnen</span> <span class='ocrx_word' id='word_1_438' title='bbox 1373 2471 1424 2504; x_wconf 83' lang='lat' dir='ltr'>ein</span> <span class='ocrx_word' id='word_1_439' title='bbox 1458 2471 1542 2503; x_wconf 88' lang='lat' dir='ltr'>Vor-</span> 
     </span>
     <span class='ocr_line' id='line_1_75' title="bbox 864 2515 1543 2593; baseline 0.001 -46"><span class='ocrx_word' id='word_1_440' title='bbox 864 2515 934 2593; x_wconf 48' lang='lat'>{13:¹11</span> <span class='ocrx_word' id='word_1_441' title='bbox 945 2515 1005 2593; x_wconf 57' lang='lat' dir='ltr'>gir</span> <span class='ocrx_word' id='word_1_442' title='bbox 1021 2515 1087 2548; x_wconf 84' lang='lat' dir='ltr'>alle</span> <span class='ocrx_word' id='word_1_443' title='bbox 1105 2515 1385 2559; x_wconf 82' lang='lat' dir='ltr'>Redegattungen</span> <span class='ocrx_word' id='word_1_444' title='bbox 1411 2516 1543 2549; x_wconf 87' lang='lat' dir='ltr'>enthal-</span> 
     </span>
    </p>
   </div>
   <div class='ocr_carea' id='block_1_11' title="bbox 1559 425 1594 455">
    <p class='ocr_par' dir='ltr' id='par_1_16' title="bbox 1559 425 1594 455">
     <span class='ocr_line' id='line_1_76' title="bbox 1559 425 1594 455; baseline 0 0"><span class='ocrx_word' id='word_1_445' title='bbox 1559 425 1594 455; x_wconf 73' lang='lat'>45</span> 
     </span>
    </p>
   </div>
   <div class='ocr_carea' id='block_1_12' title="bbox 1564 1154 1600 1185">
    <p class='ocr_par' dir='ltr' id='par_1_17' title="bbox 1564 1154 1600 1185">
     <span class='ocr_line' id='line_1_77' title="bbox 1564 1154 1600 1185; baseline -0.056 0"><span class='ocrx_word' id='word_1_446' title='bbox 1564 1154 1600 1185; x_wconf 68' lang='lat'>47</span> 
     </span>
    </p>
   </div>
  </div>
 </body>
</html>
