1720 2848
599 117 739 150 CAPUT
765 117 785 150 ι.
812 116 832 159 ς
857 118 999 151 86-89.

90 246 310 286 pensamus.
353 233 476 272 Ceteri
498 244 634 270 omnes
656 232 770 283 longe
792 238 1017 283 sequentur.
1059 232 1152 270 Nam
1177 232 1332 281 Istas-u
1354 239 1388 269 et
1412 233 1509 278 L,u,-.
1534 241 1570 272 *37

1449 117 1501 155 43

89 291 216 339 Ctssli
232 303 283 339 tls
305 289 456 340 legendi
479 288 655 339 quidem,
686 288 751 327 sed
775 301 853 327 non
878 295 918 327 ut
939 288 1096 340 phrasin
1120 288 1155 326 id
1179 294 1234 327 est
1259 300 1401 339 corpus
1423 289 1502 327 elo-

90 347 271 399 quentiae
292 345 451 392 saciant;
474 345 670 396 elegantes
691 345 729 383 in
753 357 820 384 sua
841 345 1004 396 quisque
1027 344 1204 389 materia,
1226 345 1292 383 sed
1315 345 1411 383 alter
1432 346 1502 383 hu-

90 404 189 443 milis
210 403 305 442 alter
325 401 501 440 difficilis.
543 401 788 440 Atacinus
809 401 962 456 VEEP
987 401 1023 439 in
1048 401 1111 447 iis,
1145 413 1216 452 per
1237 413 1334 452 quae
1357 414 1499 440 nomen

89 467 146 499 est
166 460 387 504 adsecutus,
419 457 615 509 interpres
637 458 765 509 operis
790 451 923 501 alieni,
957 470 1035 496 non
1068 457 1315 508 spernendus
1346 458 1499 508 quidem

87 527 218 555 verum
237 514 281 553 ad
298 514 512 565 augendam
530 514 749 553 facultatem
767 514 920 553 (licendi
936 526 1071 565 parum
1086 514 1272 564 locuples.
1305 513 1513 565 Egi-nium,
1534 522 1570 552 *5⁴⁴

86 573 183 612 sicut
205 582 337 610 sacros
357 576 544 609 vetustate
568 570 676 609 lucos
696 558 914 617 alloremus,
937 570 974 608 in
1000 570 1141 621 quibus
1162 570 1320 621 grandia
1342 577 1379 609 et
1402 571 1501 609 anti-

86 640 158 679 qua
181 627 323 666 robora
348 627 420 665 iam
444 640 522 665 non
540 633 688 665 tantam
706 627 851 665 habent
868 627 1037 678 speciem
1056 633 1239 677 quantam
1258 626 1500 678 religionem.

85 684 293 736 Propiores
315 683 375 722 alii
397 689 512 734 atquc
534 683 579 721 ad
603 683 687 729 hoc,
711 684 756 722 de
779 696 856 733 quo
879 683 1097 734 loquimur,
1120 683 1242 734 magis
1263 683 1387 722 utiles.
1430 684 1501 722 La·

83 740 209 779 scivus
231 739 385 791 quidem
409 740 445 778 in
471 739 599 778 herois
621 751 777 790 quoque
799 739 1001 778 Ovidius
1023 745 1060 778 et
1082 739 1243 778 nimium
1272 746 1421 778 amator
1441 740 1501 779 in-

82 797 186 848 genii
208 797 279 842 sui,
303 796 517 834 laudandus
538 802 665 834 tamen
690 795 728 834 in
751 795 940 847 partibus.
979 794 1249 844 CQnelius
1271 802 1399 834 autem
1423 797 1503 844 §.Q-

84 851 246 899 verus,
278 852 424 892 etiamsi
447 852 496 891 sit
517 852 752 891 versificator
773 864 889 903 quam
912 857 1025 903 poeta
1047 851 1204 898 melior,
1235 852 1264 890 si
1289 858 1437 899 tamen,
1461 859 1503 891 ut

128 942 180 973 87.
207 940 334 974 Macer.
352 940 516 973 Aemilius
534 950 594 973 aus
612 939 763 980 Verona⁴

82 976 637 1029 gestorbfflfflffschrieb
664 984 773 1021 mni:-

81 1032 139 1064 tho
167 1031 242 1064 onia
267 1029 334 1064 und
358 1030 530 1069 Thetiaca.

130 1041 331 1115 fuet-etius,
362 1075 396 1107 L.
423 1075 541 1109 Carus.
576 1075 758 1108 romischer

83 1121 204 1156 Ritter.
235 1121 325 1153 lebte
361 1131 424 1153 von
449 1122 580 1154 99—55
614 1131 645 1153 ν.
672 1120 756 1154 chr..

82 1166 213 1199 schrieb
244 1166 304 1198 das
335 1165 420 1199 noch
455 1166 625 1198 erhaltene
658 1165 758 1199 Lehr-

81 1211 217 1254 gedicht
243 1211 284 1243 de
307 1221 425 1243 rerum
450 1214 592 1243 natura.

125 1257 297 1289 Atacinus
363 1258 468 1297 arv,
505 1255 541 1288 Ρ.
578 1255 756 1289 Terentius

80 1303 213 1379 {2—36
231 1311 262 1340 V,
280 1301 365 1338 Chr..
391 1312 451 1334 aus
464 1302 555 1334 ‘Atax
580 1301 661 1334 oder
677 1311 756 1334 vom

107 1346 170 1380 luss
195 1347 282 1379 Atax
311 1346 344 1379 in
378 1346 485 1380 Gallia
517 1346 757 1389 Narbonensi-s,

79 1391 270 1424 fiber'setzte
309 1391 368 1424 des
406 1390 607 1434 Apollonius
643 1393 758 1433 &gn-

77 1437 224 1479 ffltica
256 1435 322 1469 und
354 1435 418 1469 den
450 1436 588 1476 Aratus,
624 1436 756 1469 schrieb

79 1482 132 1515 ein
168 1481 321 1524 episches
353 1480 494 1514 Gedicht
523 1481 756 1526 Bqlklumfls—e-

100 1528 285 1568 uanicum,
310 1526 488 1560 versuchte
514 1522 585 1559 sich
610 1526 696 1560 auch
722 1528 753 1559 in

67 1538 371 1614 {Fr‘S'a‘leffng
398 1570 473 1604 Hor.
500 1571 570 1605 Sat.
588 1572 610 1613 Ι,
632 1574 683 1613 10,
701 1574 754 1606 46.

119 1627 185 1660 per
201 1628 302 1659 qnae,
313 1627 380 1659 per
398 1617 501 1659 quod,
516 1628 580 1660 per
598 1618 662 1650 lzoc
680 1629 709 1651 u.
726 1627 753 1650 a.

78 1661 132 1695 bei
155 1661 267 1700 Quint.
293 1661 384 1694 nicht
408 1661 670 1705 ungewohnlich
696 1673 754 1695 zur

76 1705 314 1750 Bezeichnung
337 1706 396 1739 des
420 1706 560 1747 Mittets‚
585 1718 623 1740 so
642 1707 682 1748 V,
703 1710 753 1749 10,

77 1753 136 1786 32:
163 1752 205 1784 In
222 1753 391 1792 omnibus,
417 1763 507 1795 quac
522 1752 624 1794 siunt,
650 1763 754 1795 quae-

74 1799 172 1829 ritur
201 1799 265 1830 aut
297 1808 407 1839 quare
439 1801 502 1829 aut
532 1799 593 1830 ubi
624 1801 687 1830 aut
711 1817 753 1821 ——

75 1853 151 1885 per
175 1852 286 1883 quae
309 1842 407 1880 facta
431 1844 538 1874 sunt‘?

122 1886 211 1918 alter
235 1887 388 1927 humilis,
414 1887 560 1920 namlich
585 1885 707 1920 Macer.

120 1942 256 1971 nomen,
271 1932 328 1964 mit
343 1931 450 1965 einem
466 1932 633 1975 gewissen
645 1931 753 1965 Nach-

75 1976 195 2014 druck,
228 1976 292 2009 wie
319 1976 338 2019 ξ
366 1978 419 2011 72.
447 1979 519 2011 120.
547 1981 577 2017 5,
606 1979 657 2011 18.
705 1977 752 2010 Zu

74 2032 199 2054 nomen
225 2021 370 2064 adsequi
402 2022 468 2064 vgl.
494 2025 612 2056 ποιεῖν
637 2020 752 2065 ὄνομα

74 2065 141 2100 und
166 2067 261 2108 ἔχειν
285 2065 407 2110 ὄνομα.

119 2113 292 2154 interpres
319 2114 435 2155 operis
459 2113 578 2154 alieni,
603 2123 628 2145 s.
655 2112 674 2155 ξ
698 2114 751 2146 54.

120 2158 173 2191 88.
198 2157 354 2197 Ennius,
384 2158 421 2196 Q.
447 2158 596 2200 geboren
622 2168 662 2190 zu
687 2156 755 2190 Ru-

75 2201 128 2241 dig*
159 2201 192 2234 in
217 2201 395 2236 Kalabrien
429 2204 493 2236 239
511 2202 674 2244 AgffChg*
698 2202 755 2236 be-

74 2246 186 2280 riihmt
203 2246 309 2280 durch
326 2247 380 2280 die
398 2258 460 2280 uns
478 2248 564 2281 noch
582 2248 615 2280 in
630 2247 755 2281 Bruch-

77 2291 217 2325 stficken
244 2292 437 2326 erhaltenen
463 2293 636 2331 Annalen,
661 2292 755 2326 dich-

77 2338 146 2369 tete
177 2336 256 2370 aber
286 2337 371 2370 auch
395 2337 491 2371 Lust-
520 2338 588 2371 und
613 2336 755 2371 Trauer-

76 2380 183 2424 spiele
191 2381 258 2414 und
269 2382 402 2416 schrieb
412 2387 556 2421 saturae,
571 2383 753 2426 gestorben

117 2471 323 2513 propiores,
356 2472 501 2506 namlich
527 2472 602 2505 dem
627 2472 752 2515 Vergil.

123 2516 284 2557 lascivus,
310 2513 511 2559 ‘tandelnd'‚
537 2528 563 2551 s.
587 2517 665 2551 Hor.
690 2518 754 2551 Ars

77 2564 167 2604 poet.
195 2562 254 2593 107
285 2562 388 2593 verba
419 2562 543 2594 decent
566 2582 608 2587 —
634 2562 754 2595 luden-

827 943 893 972 tem
919 940 1049 972 lasciva
1080 939 1146 973 und
1171 941 1283 978 Quint.
1307 939 1362 981 IV,
1390 943 1414 973 l.
1443 942 1502 972 77:

830 986 892 1017 Illa
925 996 1007 1017 vcra
1038 985 1175 1027 frigida
1208 989 1240 1017 et
1264 985 1415 1027 puerilis
1454 989 1502 1017 cst

825 1032 861 1062 in
879 1030 1008 1063 scholis
1026 1030 1228 1071 adfectatio,
1246 1033 1285 1062 ut
1302 1032 1373 1072 ipse
1391 1034 1505 1063 trans-

826 1078 896 1108 itus
925 1075 1062 1114 efficiat
1093 1076 1250 1117 aliquam
1282 1077 1402 1118 utique
1430 1086 1504 1107 sen-

827 1122 971 1153 ientiam
998 1124 1032 1152 et
1055 1122 1160 1152 liuius
1176 1121 1271 1152 velut
1286 1123 1503 1163 praestigiae

825 1167 989 1208 plausum
1011 1168 1129 1208 potat;
1160 1170 1201 1198 ut
1227 1166 1371 1198 Ovidius
1405 1166 1504 1198 lasci—

826 1213 900 1244 vire
947 1213 984 1243 in
1028 1211 1361 1252 Metamorphosesin
1407 1211 1503 1252 solet,

826 1267 926 1299 quem
961 1260 1073 1288 tamen
1111 1267 1283 1289 ‹ea-casare
1318 1259 1503 1288 necessitas

823 1304 949 1345 potest,
965 1312 1022 1333 res
1034 1301 1288 1334 diversissimas
1304 1303 1341 1333 in
1355 1303 1501 1344 speciem

826 1349 933 1379 unius
958 1349 1116 1388 corporis
1141 1347 1370 1388 colligentem.

872 1394 909 1424 in
935 1393 1060 1425 herois.
1086 1392 1118 1424 in
1141 1391 1215 1424 dem
1242 1392 1285 1423 im
1305 1392 1501 1425 heroischen

826 1436 1016 1470 Versmasse
1031 1436 1241 1478 ahget'assten
1253 1436 1425 1478 Gedichte,
1439 1437 1502 1470 den

824 1481 1131 1523 Metamorphosen.

873 1527 1027 1568 Ovidius,
1053 1526 1088 1560 P.
1115 1527 1205 1560 Naso
1231 1528 1273 1560 43
1299 1537 1330 1560 v,
1352 1527 1425 1560 Chr.
1451 1527 1503 1559 bis

828 1574 865 1606 17
893 1583 923 1605 n.
951 1571 1023 1604 Chr.

869 1620 1010 1649 amator
1032 1619 1172 1659 ingenii
1195 1619 1262 1657 sui,
1288 1617 1355 1660 vgl.
1384 1619 1403 1659 ξ
1425 1619 1480 1652 98.

869 1664 906 1694 in
928 1664 1094 1705 partibus
1119 1661 1185 1695 und
1215 1665 1252 1694 in
1273 1667 1395 1705 parte,
1430 1659 1504 1695 ‘nur

823 1703 1011 1748 teilweise'.
1041 1708 1086 1740 im
1112 1706 1300 1750 Gegensatz
1326 1718 1365 1741 zu
1393 1711 1501 1740 totum

823 1753 890 1786 und
924 1752 1132 1795 ahnlichem,
1169 1753 1246 1785 sehr
1276 1753 1503 1795 gewfihnlich„

823 1797 891 1839 vgl.
926 1801 957 1835 2,
990 1799 1042 1831 26.
1075 1800 1105 1837 7,
1133 1799 1187 1831 25.
1223 1797 1288 1837 Vll,
1321 1800 1352 1838 2,
1378 1799 1437 1831 22:
1474 1801 1505 1829 si

824 1843 965 1884 quando
1004 1844 1049 1874 in
1082 1844 1293 1884 partibus
1330 1844 1503 1875 laborabi-

823 1898 908 1922 mus.
934 1889 1164 1919 universitate
1184 1887 1422 1929 pugnandum
1443 1891 1501 1921 est.

868 1934 920 1966 89.
960 1932 1141 1973 Cornelius
1170 1932 1340 1973 ἕξω,
1372 1931 1500 1969 Foemd

823 1976 882 2010 des
907 1976 1003 2018 tis-id,
1029 1977 1087 2010 der
1114 1978 1168 2010 ihn
1194 1977 1299 2020 Epist.
1326 1988 1367 2010 ex
1392 1977 1501 2011 Ponto

821 2022 875 2063 lv,
902 2024 931 2063 2,
960 2025 974 2055 1
1003 2022 1154 2055 anredet:
1188 2023 1214 2055 θ
1238 2026 1333 2055 vates
1356 2033 1503 2065 magno-

821 2077 900 2099 rum
924 2069 1080 2100 maoeime
1108 2077 1242 2110 regum.
1291 2067 1351 2100 Ein
1376 2067 1502 2101 Bruch-

822 2112 922 2145 stfick
954 2113 1008 2145 bei
1040 2111 1082 2146 M.
1117 2112 1244 2145 Seneca
1272 2112 1368 2146 Suas.
1394 2115 1413 2146 6
1445 2113 1502 2145 he-

822 2158 939 2200 statigt
964 2157 1106 2196 Quint.'s
1132 2157 1247 2191 Urteil.

870 2204 1100 2244 versificator,
1116 2202 1207 2235 kann
1223 2213 1343 2246 wegen
1361 2203 1420 2236 des
1438 2203 1501 2236 fol-

823 2247 954 2290 genden
995 2248 1103 2281 Lohes
1151 2248 1243 2281 nicht
1284 2249 1328 2280 im
1369 2248 1501 2290 gering-

823 2293 1017 2336 schatzigen
1045 2292 1147 2326 Sinne
1182 2292 1383 2326 verstanden
1417 2303 1502 2325 wer-

823 2338 898 2378 den,
916 2337 1021 2371 findet
1039 2338 1111 2371 sich
1127 2339 1317 2381 uberhaupt
1334 2348 1396 2370 nur
1413 2338 1499 2370 noch

823 2383 946 2416 einmal
969 2383 1084 2417 lustin.
1110 2382 1163 2423 Vt,
1182 2384 1213 2423 9,
1238 2383 1306 2425 vgl.
1331 2382 1407 2415 Hor.
1429 2381 1497 2415 Sat.

821 2428 844 2463 l.
870 2431 902 2468 4,
928 2429 969 2461 39
983 2427 1016 2460 ff.

867 2475 898 2504 si
917 2476 1045 2512 tamen,
1071 2471 1197 2505 cbenso
1216 2473 1282 2505 wie
1299 2475 1371 2504 nisi
1386 2475 1501 2505 tamen

823 2518 878 2551 bei
893 2516 1004 2556 Quint.
1020 2517 1097 2550 sehr
1113 2516 1230 2560 haufig
1247 2527 1305 2550 zur
1318 2516 1504 2551 Beschran-

822 2562 926 2605 kung.
945 2562 1012 2595 und
1030 2572 1121 2595 zwar
1139 2573 1187 2601 so,
1209 2562 1280 2595 dass
1299 2562 1357 2596 das
1375 2563 1505 2605 eigent-
