1720 2848
1482 106 1534 146 67

1421 179 1626 225 olaslacstae„

119 223 264 261 tardior
293 223 331 261 in
371 221 577 260 scribendo
608 229 673 260 aut
704 222 888 260 incertior
918 223 955 260 in
988 221 1250 272 intellegendo
1281 223 1380 261 velut
1411 224 1534 262 ossen-

116 285 221 317 sator
252 279 340 317 fuit:
373 277 572 316 inhibetur
603 290 759 323 cursus,
795 285 910 329 atque
941 278 1068 317 omnis
1104 289 1202 328 quae
1233 285 1314 316 erat
1345 287 1533 330 concepta

118 336 258 374 mentis
294 334 458 373 intentio
496 346 601 372 mora
639 341 675 372 et
711 335 906 373 interdum
941 334 1138 372 iracundia
1174 335 1380 373 excutitur.
1437 335 1535 374 Tum
1567 344 1602 376 21

118 391 198 432 illa.
235 403 332 442 quae
366 390 541 429 altiorem
577 391 693 429 animi
730 398 878 429 motum
913 398 1100 429 secuntur
1129 403 1306 441 quaeque
1338 391 1419 441 ipsa
1451 392 1533 430 ani-

117 460 220 486 mum
243 447 528 498 quodammodo
550 448 761 493 concitant,
794 459 960 498 quorum
992 454 1050 486 est
1081 447 1219 486 iactare
1250 459 1421 490 manum.
1454 455 1533 486 tor-

116 516 234 555 quere
255 503 422 549 vultum,
453 504 580 542 femur
609 511 645 542 et
676 503 776 542 latus
796 504 949 542 interim
982 503 1211 554 obiurgare,
1243 516 1419 555 quaeque
1442 504 1532 542 Per-

115 561 193 599 sius
231 566 358 602 notat,
395 572 482 598 cum
521 560 654 598 leviter
689 560 842 598 dicendi
878 573 1003 611 genus
1038 560 1249 611 significat,
1285 561 1381 599 Nec
1418 560 1532 611 plu-

114 623 164 655 te
183 629 281 659 um,
328 617 466 667 inquit,
503 629 557 655 ca
576 617 694 655 edit
727 630 749 655 n
769 629 825 655 ec
863 617 1124 658 demorsos
1152 616 1283 667 sapit
1321 629 1531 668 ungues,

112 673 224 711 etiam
260 673 419 711 ridicula
457 679 565 716 sunt,
604 673 675 711 nisi
711 685 797 712 cum
835 673 905 712 soli
943 685 1088 711 sumus.
1140 673 1315 723 Denique
1344 680 1386 711 ut
1415 674 1534 712 semel
1565 681 1601 713 22

111 730 214 780 quod
246 735 300 767 est
332 729 643 779 potentissimum
675 728 820 773 dicam,
847 736 1062 775 secretum,
1091 729 1196 779 quod
1216 729 1397 768 dictando
1419 731 1532 780 perit.

110 792 226 837 atque
248 785 413 824 liberum
434 785 590 824 arbitris
611 785 740 824 locum
764 791 801 823 et
821 797 937 835 quam
963 785 1190 823 altissimum
1211 785 1408 824 silentium
1438 787 1532 825 scri-

111 842 293 881 bentibus
314 842 477 880 maxime
508 842 718 880 convenire
750 854 864 880 nemo
886 840 1130 880 dubitaverit.
1170 841 1257 880 Non
1287 849 1416 881 tamen
1441 855 1532 893 pro—

109 899 214 937 tinus
243 898 423 937 audiendi
454 898 520 948 qui
550 898 713 936 credunt
743 898 938 949 aptissima
969 898 1005 936 in
1038 898 1111 936 hoc
1141 910 1301 936 nemora
1328 898 1531 949 silvasque,

109 955 212 1006 quod
234 955 296 994 illa
318 953 413 993 caeli
442 954 598 993 libertas
626 954 882 1004 locorumque.
908 954 1120 993 amoenitas
1136 954 1340 993 sublimem
1358 955 1529 994 animum

108 1018 146 1050 et
175 1012 388 1050 beatiorem
418 1011 596 1062 spiritum
628 1017 777 1061 parent.
828 1011 919 1049 Mihi
955 1017 1059 1049 certe
1093 1011 1288 1050 iucundus
1319 1012 1380 1050 hic.
1410 1012 1531 1062 magis
1562 1019 1598 1050 23

109 1080 222 1118 quam
253 1068 469 1106 studiorum
500 1068 676 1106 hortator
706 1066 856 1106 videtur
893 1080 976 1106 esse
1007 1079 1194 1106 secessus.
1250 1068 1424 1118 Namque
1455 1068 1530 1114 illa,

109 1137 205 1175 quae
236 1125 318 1175 ipsa
349 1124 553 1167 delectant,
590 1136 749 1163 necesse
786 1130 843 1162 est
873 1129 1039 1162 avocent
1067 1123 1114 1161 ab
1147 1124 1368 1163 intentione
1401 1125 1530 1175 operis

107 1181 299 1220 destinati.
356 1180 492 1230 Neque
516 1180 621 1219 enim
650 1192 690 1219 se
719 1180 823 1218 bona
854 1180 927 1218 fide
958 1180 997 1218 in
1030 1180 1148 1218 multa
1179 1181 1293 1219 simul
1323 1180 1529 1220 intendere

106 1238 258 1276 animus
277 1243 398 1275 totum
415 1243 556 1287 potest,
579 1243 616 1275 et
633 1249 882 1287 quocumque
900 1237 1081 1287 respexit,
1103 1236 1247 1275 desinit
1263 1237 1405 1276 intueri
1424 1238 1527 1288 quod

107 1294 350 1345 propositum
384 1300 476 1331 erat.
523 1293 652 1338 Quare
682 1293 863 1331 silvarum
892 1293 1105 1332 amoenitas
1136 1300 1173 1331 et
1203 1292 1529 1344 praeterlabentia
1559 1300 1595 1332 24

105 1350 266 1388 flumina
288 1356 323 1388 et
346 1350 584 1400 inspirantes
615 1350 729 1388 ramis
762 1349 945 1388 arborum
975 1361 1091 1387 aurae
1122 1350 1403 1400 volucrumque
1433 1362 1526 1389 can-

104 1413 166 1445 tus
203 1413 240 1445 et
261 1407 342 1457 ipsa
372 1406 446 1444 late
477 1405 817 1457 circumspiciendi
847 1405 1004 1444 libertas
1027 1405 1071 1443 ad
1093 1419 1133 1444 se
1156 1406 1336 1454 trahunt;
1372 1413 1413 1446 ut
1433 1407 1526 1444 mihi

104 1463 300 1501 remittere
322 1462 452 1512 potius
473 1462 650 1513 voluptas
671 1462 742 1500 ista
764 1462 938 1501 videatur
958 1462 1234 1513 cogitationem
1257 1475 1372 1513 quam
1394 1463 1524 1502 inten-

102 1519 205 1558 dere.
248 1518 528 1558 Demosthenes
548 1518 698 1563 melius,
721 1519 787 1569 qui
817 1531 858 1557 se
890 1519 928 1556 in
961 1519 1103 1565 locum,
1135 1531 1180 1557 ex
1210 1531 1289 1569 quo
1321 1519 1424 1559 nulla
1457 1531 1524 1557 ex-
1554 1526 1591 1558 25

103 1575 225 1614 audiri
246 1587 318 1614 vox
340 1582 378 1613 et
399 1587 443 1613 ex
467 1587 544 1625 quo
568 1575 662 1613 nihil
696 1575 867 1626 prospici
890 1581 1033 1625 posset,
1063 1575 1313 1617 recondebat,
1345 1588 1393 1614 ne
1423 1575 1525 1614 aliud

102 1643 216 1683 agere
247 1637 418 1670 mentem
455 1637 643 1682 cogerent
678 1631 792 1670 oculi.
842 1631 1012 1682 Ideoque
1048 1631 1299 1671 lucubrantes
1329 1632 1525 1671 silentium

102 1689 228 1727 noetis
249 1695 285 1727 et
303 1688 474 1726 clausum
494 1687 718 1726 cubiculum
735 1695 773 1726 et
788 1688 921 1726 lumen
939 1700 1062 1726 unum
1086 1688 1187 1726 velut
1213 1695 1336 1727 tectos
1361 1689 1525 1728 maxime

613 106 753 139 CAPUT
778 106 826 140 111.
852 107 873 150 ς
898 109 1041 140 20-25.

100 1776 179 1809 fible
196 1776 295 1818 Lage,
319 1776 352 1808 in
371 1775 501 1808 welche
519 1775 587 1815 der,
611 1775 774 1809 welchem

101 1821 238 1854 diktiert
256 1819 351 1861 wird,
376 1820 478 1853 leicht
499 1820 604 1862 gerat,
624 1830 721 1853 wenn
740 1831 775 1853 er

101 1866 193 1899 nicht
217 1865 346 1898 schnell
371 1875 484 1907 genng
512 1865 775 1898 nachschreiben

99 1911 206 1944 kann:
225 1910 265 1943 da
284 1910 375 1943 seine
393 1909 701 1943 Ausmerksamkeit
719 1911 778 1944 aus

99 1956 152 1990 die
166 1955 464 1989 nachzuholenden
481 1954 596 1988 Worte
610 1956 774 1997 gerichtet

99 2003 151 2043 ist,
178 2011 216 2034 so
240 2000 376 2034 verliert
402 2011 436 2033 er
454 2000 557 2033 leicht
580 2000 644 2033 den
663 2000 772 2033 Faden

98 2046 165 2079 und
189 2046 248 2079 hat
272 2045 359 2078 dann
379 2045 471 2078 nicht
496 2045 590 2078 mehr
606 2045 664 2078 das
685 2045 773 2079 volle

99 2091 329 2125 Verstandnis.

143 2136 239 2169 velut
261 2136 452 2176 offensator
468 2134 551 2175 fuit,
577 2135 635 2168 der
653 2136 775 2178 gewis-

97 2181 280 2215 sermassen
312 2180 563 2222 Vei-anlassung
599 2191 674 2213 zum
707 2181 774 2213 An-

97 2227 181 2260 stol's
204 2226 307 2269 gicht.
345 2226 537 2265 offensator
562 2224 690 2258 kommt
714 2237 774 2259 nur

98 2272 168 2304 hier
192 2282 252 2304 vor
269 2270 336 2304 und
355 2270 438 2303 wird
453 2270 540 2303 auch
558 2270 662 2303 durch
681 2271 776 2303 velut

97 2317 148 2349 als
171 2315 433 2359 nngewohnlich
451 2316 660 2348 bezeichnet.
686 2318 716 2355 7,
732 2318 771 2349 10

98 2361 294 2395 bezeichnet
317 2361 492 2402 offensare
516 2360 599 2401 den,
626 2361 772 2394 welcher

97 2407 157 2440 das
173 2405 321 2439 Stocken
338 2407 396 2439 der
413 2405 504 2439 Rede
526 2406 769 2448 hervorbringt.

142 2454 319 2493 concepta,
337 2451 471 2484 {hulich
486 2454 516 2491 ἵ,
536 2454 574 2485 14
591 2452 674 2483 bene
691 2461 770 2484 eon-

97 2498 189 2539 cepti
213 2495 374 2535 adfectus
395 2495 433 2537 11,
450 2498 504 2537 20,
521 2499 541 2530 4
567 2498 668 2528 cuius
683 2499 770 2529 ima-

92 2544 213 2583 ginem
238 2544 354 2574 animo
380 2544 609 2583 concepimus.

890 1778 942 1809 21.
962 1779 1125 1817 torquere
1138 1777 1283 1817 vultum,
1298 1772 1370 1809 ‘das
1386 1776 1523 1809 Gesicht

844 1817 1032 1854 verdrehn'.

890 1867 1079 1907 ohim-gare
1103 1882 1147 1893 =
1172 1866 1325 1899 caedere.

890 1912 1040 1952 Persius,
1066 1910 1135 1943 Sat.
1166 1913 1191 1950 1,
1220 1912 1292 1944 106.

889 1957 941 1989 22.
969 1959 1083 1997 atque,
1107 1955 1174 1997 vgl.
1201 1957 1231 1995 ’2,
1257 1957 1310 1989 20.

888 2003 1070 2043 aptissima
1086 2002 1123 2032 in
1137 2002 1213 2041 hoc,
1227 2001 1521 2043 ungewohnliche‚

843 2046 1067 2079 dichterisehe
1085 2045 1340 2087 Konstruktion,
1361 2051 1444 2079 statt
1460 2047 1520 2080 des

843 2091 958 2124 Dativs
983 2091 1063 2124 oder
1081 2091 1137 2130 ad,
1165 2091 1218 2124 bei
1233 2090 1345 2129 Quint.
1360 2102 1421 2124 nur
1437 2092 1518 2125 hier.

888 2138 942 2170 24.
966 2138 1144 2168 remittere
1168 2155 1210 2159 —
1236 2137 1434 2176 intendere,
1459 2137 1518 2170 das

843 2181 918 2214 Bild
952 2182 996 2214 ist
1021 2181 1173 2214 entlehnt
1198 2191 1264 2214 von
1291 2181 1366 2214 dem
1391 2181 1517 2224 Bogen.

888 2227 1050 2268 voluptas
1074 2228 1153 2267 ista,
1176 2223 1241 2258 ‘die
1267 2223 1421 2259 Wonne'.

888 2273 942 2306 25.
966 2272 1223 2312 Demosthenes,
1259 2271 1327 2313 vgl.
1359 2270 1517 2304 Plutarch

842 2317 934 2350 Dem.
959 2319 995 2349 7:
1025 2317 1062 2348 ἐκ
1087 2313 1214 2348 τούτου
1238 2314 1428 2361 κατάγειον
1453 2317 1517 2348 μὲν

841 2359 1074 2403 οἰκοδομῆσαι
1106 2357 1378 2406 μελετητήριον,
1416 2357 1437 2393 ὃ
1472 2358 1516 2402 δὴ

841 2403 1034 2446 διεσιίζετο
1057 2407 1117 2437 καὶ
1141 2402 1232 2438 καθ’
1262 2403 1358 2448 ἡμᾶς.

886 2461 1025 2493 eogere,
1057 2451 1090 2482 in
1121 2450 1421 2493 abgeschwachter
1453 2451 1514 2485 Be-

840 2496 999 2538 deutung,
1026 2496 1091 2528 wie
1116 2495 1212 2528 Corn.
1238 2495 1321 2539 Nep.
1339 2495 1422 2530 Milt.
1439 2499 1468 2532 7.
1488 2500 1513 2530 1.

840 2541 931 2576 Suet.
955 2540 1077 2573 Domit.
1105 2542 1155 2574 11.

1202 2599 1242 2630 5*
