1720 2848
126 1246 162 1277 10

128 1585 162 1617 11

187 100 239 140 64
695 102 837 135 CAPUT
862 103 908 137 111.
935 105 954 145 ξι
980 106 1100 137 6-11-

188 220 343 271 saepius
375 227 489 259 erunt
523 221 759 272 scriptorum
792 220 979 271 proxima.
1034 221 1128 259 Nam
1161 229 1316 272 praeter
1346 221 1381 260 id
1420 223 1523 273 quod
1559 224 1611 263 sie

189 276 327 316 melius
348 277 567 328 iunguntur
589 277 786 328 prioribus
815 277 1030 327 sequentia,
1063 278 1169 316 calor
1197 291 1354 330 quoque
1381 278 1443 318 ille
1466 279 1612 331 cogita-

190 332 323 379 tionis,
343 334 407 384 qui
425 334 617 372 scribendi
636 346 743 372 mora
762 333 922 379 refrixit,
942 333 1078 384 recipit
1102 347 1147 373 ex
1165 334 1318 385 integro
1338 335 1436 374 vires
1459 342 1495 374 et
1510 336 1613 376 velut

192 390 357 441 repetito
380 391 505 441 spatio
528 390 645 429 sumit
668 390 876 441 impetum3
915 390 1017 440 quod
1048 390 1087 428 in
1111 392 1322 430 certamine
1345 392 1507 431 saliendi
1530 394 1611 432 [ieri

191 446 377 490 videmus,
402 456 440 485 ut
466 454 647 485 conatum
677 446 833 497 longius
855 452 987 498 petant
1020 453 1055 485 et
1079 448 1123 485 ad
1146 447 1236 486 illud
1261 461 1338 499 qno
1362 450 1615 489 contendittu·

191 503 357 554 spatium
388 515 505 567 cursu
550 505 596 541 'er
651 510 734 551 tur3
759 509 878 553 utque
909 503 946 541 in
980 503 1184 542 iaculando
1214 503 1369 544 brachia
1393 506 1615 546 reducimus

190 566 227 598 et
249 543 504 611 expulsuri⁸l¹e
522 572 540 597 a
565 573 575 598 1
594 516 704 607 &¹⁸35
726 566 830 598 retro
854 560 1061 598 tendimus.
1116 560 1275 599 Interim
1299 567 1439 607 tamen,
1463 563 1494 602 si
1517 564 1614 602 seret

194 616 318 659 ssatus,
341 617 464 655 danda
487 623 578 655 sunt
601 617 694 663 vela,
717 616 807 655 dum
832 629 903 655 nos
924 616 1167 667 indulgentia
1189 617 1249 655 illa
1273 630 1351 656 non
1376 619 1488 658 sallat.
1521 619 1615 659 Om-

194 672 256 710 nia
280 673 383 711 enim
409 679 554 720 nostra,
578 674 668 712 dum
688 678 917 718 nascuntur,
940 673 1116 724 plaeent;
1140 673 1283 724 alioqui
1302 686 1374 713 nec
1393 675 1615 715 scriberen-

195 735 268 767 tur.
311 729 384 768 Sed
408 730 612 769 redeamus
633 731 677 768 ad
702 730 886 768 iudicium
918 736 951 768 et
977 735 1231 769 retractemus
1253 738 1473 781 suspectam
1496 732 1616 771 sacili-

193 792 320 824 tatem.
364 786 425 825 Sic
456 787 658 837 scripsisse
688 786 911 825 Sallustium
942 787 1175 837 accepimus,
1208 793 1241 825 et
1275 799 1367 826 sane
1390 789 1618 828 manifestus

194 849 251 881 est
283 843 397 881 etiam
428 856 471 881 ex
506 856 625 894 opere
656 844 740 894 ipso
772 843 891 881 labor.
950 843 1157 893 Vergilium
1186 856 1342 894 quoque
1366 845 1617 895 paucissimos

192 899 253 937 die
274 899 539 950 composuisse
571 912 704 938 versus
733 906 870 938 auctor
900 906 954 938 est
979 899 1031 937 Va
1059 900 1064 906 '
1099 913 1127 937 s.
1171 900 1345 939 Oratoris
1367 902 1522 951 quidem
1546 901 1616 941 alia

194 956 373 993 condit-io
391 962 459 994 est.
502 956 636 1006 ltaque
654 957 921 995 hanc'moram
939 961 976 994 et
993 956 1293 1016 sollicitudinem
1316 957 1434 997 initiis
1451 958 1619 1009 impero.

194 1012 288 1050 Nam
313 1011 480 1062 primum
504 1012 578 1050 hoc
600 1012 933 1054 constituemlum,
966 1012 1039 1051 hoc
1062 999 1318 1051 01ffi115²fffsun1
1341 1021 1410 1059 est,
1440 1021 1482 1052 ut
1503 1027 1617 1065 quam

194 1069 338 1119 optime
370 1068 607 1117 scribamus;
639 1070 874 1109 celeritatem
907 1069 1011 1107 dabit
1041 1069 1297 1108 consuetudo.
1342 1069 1526 1108 Paulatim
1558 1083 1620 1110 res
1647 1098 1650 1099 ν

196 1125 345 1163 facilius
373 1138 413 1163 se
446 1126 666 1171 ostendent,
696 1125 812 1165 verba
835 1125 1144 1176 respondebum,
1168 1126 1398 1177 compositio
1420 1133 1618 1178 sequetur.

196 1188 336 1220 cuneta
373 1183 542 1233 denique
580 1189 619 1220 ut
652 1183 688 1221 in
722 1183 860 1221 l'amilia
902 1181 1002 1221 bene
1043 1182 1216 1221 instituta
1248 1182 1286 1220 in
1326 1183 1454 1222 officio
1491 1190 1619 1223 erunt.

194 1238 352 1277 Summa
383 1239 476 1277 haec
510 1246 568 1277 est
597 1239 673 1278 rei:
698 1240 774 1278 cito
805 1238 1012 1278 scribendo
1044 1252 1121 1277 non
1148 1240 1199 1286 fit,
1222 1246 1263 1278 ut
1286 1239 1386 1278 bene
1408 1240 1620 1287 scribatur;

196 1295 296 1334 bene
318 1295 528 1334 scribendo
553 1298 604 1341 tit,
636 1303 678 1334 ut
699 1296 787 1335 cito.
832 1296 905 1335 Sed
934 1302 1015 1334 tum
1047 1296 1224 1342 maxime,
1250 1308 1345 1349 gum
1377 1297 1538 1336 facultas
1559 1297 1619 1336 illa

196 1352 416 1403 contigerit,
442 1353 667 1391 resistamus
685 1359 723 1392 ut
743 1353 1015 1405 provideamus
1033 1359 1069 1390 et
1088 1353 1285 1391 efferentis
1302 1365 1342 1391 se
1361 1366 1482 1404 equos
1500 1353 1620 1392 frenis

196 1408 426 1459 quibusdam
451 1421 718 1458 coerceamus3
742 1410 846 1461 quod
870 1422 948 1448 non
968 1415 1044 1447 tam
1062 1421 1210 1448 moram
1228 1409 1339 1447 saciet
1361 1422 1475 1460 quam
1499 1423 1620 1449 novos

197 1466 364 1515 impetus
395 1465 512 1504 dabit.
564 1466 698 1517 Neque
732 1467 834 1505 enim
867 1478 1004 1504 rursus
1034 1478 1112 1511 eos,
1143 1466 1207 1516 qui
1241 1465 1362 1504 robur
1394 1466 1549 1517 aliquod
1581 1467 1618 1505 in

198 1522 283 1560 stilo
315 1520 500 1563 fecerint.
537 1522 584 1560 ad
614 1523 808 1562 infelicem
841 1522 1104 1561 calumniandi
1135 1536 1174 1560 se
1205 1535 1370 1573 poenam
1407 1523 1622 1573 alligandos

196 1585 302 1629 puto.
343 1579 437 1617 Nam
457 1579 652 1629 quomodo
668 1582 849 1619 sulficere
869 1579 1005 1617 officiis
1022 1578 1197 1617 civilibus
1214 1579 1348 1629 possit,
1376 1580 1439 1630 (elui
1458 1579 1622 1630 singulis

243 1657 272 1689 6.
301 1659 338 1686 ιιι
355 1675 397 1678 -
419 1660 550 1698 petant,
574 1654 684 1689 ‘einen
712 1658 871 1690 weiteren

197 1700 322 1733 Anlans
345 1698 510 1735 nehmen‘.

243 1748 273 1778 7.
297 1748 328 1777 si
345 1746 436 1785 feret
451 1749 569 1787 slatus,
594 1747 732 1780 bildlicli
755 1752 872 1789 gesagt

199 1801 264 1823 von
280 1791 354 1823 dem
370 1791 502 1829 Winde,
527 1792 674 1825 welches
688 1793 746 1825 das
769 1792 878 1826 Schits

201 1836 376 1873 sortffihrt,
402 1848 438 1870 so
469 1838 566 1876 ferre
592 1848 658 1870 von
684 1838 741 1871 der
766 1839 873 1870 unwi—

198 1881 402 1915 derstelilich
453 1882 709 1916 sortreissenden
755 1883 873 1916 Bewe-

198 1937 290 1969 gnng
315 1928 399 1960 auch
430 1931 457 1965 1.
489 1930 558 1961 110.

244 1972 325 2004 (Iam
342 1991 387 1996 —
404 1984 484 2009 non,
505 1974 589 2005 nach
608 1974 682 2006 dem
698 1973 877 2017 Vorgange

200 2016 257 2049 der
290 2017 440 2051 Dichter:
479 2019 608 2051 ebenso
645 2019 711 2059 Xll,
740 2022 791 2060 10,
817 2021 875 2053 48:

198 2063 223 2093 (Ι
237 2073 299 2094 nm
317 2074 389 2095 rem
404 2066 609 2096 contineant
624 2068 657 2096 et
671 2067 770 2107 eopia
790 2076 812 2096 n
825 2076 843 2096 o
855 2075 878 2096 η

201 2108 407 2140 redundent.
470 2110 502 2140 J)
516 2120 537 2140 u
554 2120 584 2140 m
598 2120 630 2140 m
645 2121 664 2141 o
679 2110 703 2141 d
718 2121 736 2141 o
774 2109 879 2142 findet

203 2152 274 2185 sich
303 2154 353 2186 bei
380 2153 491 2192 Quint.
519 2155 622 2189 nicht,
649 2155 791 2187 sondern
820 2164 880 2187 nur

201 2198 295 2238 (lum,
321 2198 400 2231 oder
424 2199 539 2239 modo,
564 2199 644 2232 oder
667 2201 699 2231 si
722 2200 834 2232 modo.

248 2254 326 2278 nee.
352 2247 432 2277 statt
459 2255 502 2276 ne
525 2264 569 2268 —-
595 2245 733 2287 quidem
758 2246 875 2277 mitten

204 2289 247 2321 im
263 2288 363 2322 Satze
376 2290 468 2322 nicht
481 2289 601 2329 selten,
627 2301 654 2322 z.
670 2289 706 2324 B.
722 2290 774 2329 lx,
790 2292 820 2330 2,
835 2292 875 2323 67

204 2334 299 2376 qnod
330 2337 366 2367 in
399 2335 480 2374 foro
511 2346 582 2367 non
615 2336 772 2378 empedit,
805 2336 878 2368 illic

206 2389 268 2411 nec
295 2381 408 2413 liceat.

247 2424 471 2463 facilitatem,
490 2425 550 2459 das
565 2426 779 2459 Abstractum
797 2428 877 2459 stau

204 2469 263 2501 des
289 2470 498 2504 Concretum.

251 2516 280 2547 8.
307 2516 371 2550 die.
398 2517 429 2548 in
449 2517 557 2549 einem
576 2515 679 2559 Tage,
697 2516 881 2559 gebrauch-

206 2559 310 2592 liclier
327 2561 370 2593 ist
397 2561 449 2594 die
466 2561 705 2604 Hinzufiigung
722 2561 780 2594 der
805 2560 882 2594 Prii-

945 1655 1091 1699 position
1113 1657 1160 1697 in,
1186 1656 1250 1688 wie
1270 1656 1335 1689 Cic.
1355 1666 1414 1699 pro
1434 1655 1533 1690 Rosc.
1547 1657 1622 1691 Am.

943 1705 996 1742 45,
1026 1702 1086 1735 13⁶).
1111 1703 1146 1732 in
1174 1712 1278 1734 anno.
1305 1701 1346 1734 ad
1366 1701 1442 1734 sam.
1466 1705 1516 1743 15,
1533 1704 1584 1743 16,
1604 1705 1618 1735 1

943 1749 978 1778 in
1005 1748 1103 1779 JIOI'U.

989 1791 1132 1827 sbrius,
1160 1802 1185 1825 s.
1212 1801 1250 1823 zu
1283 1793 1308 1832 l,
1334 1793 1387 1825 98.

987 1838 1018 1869 9.
1031 1838 1233 1878 compositio
1246 1840 1422 1878 sequetur,
1433 1836 1523 1870 steht
1534 1837 1623 1870 selb-

943 1882 1076 1924 standig
1114 1881 1163 1914 als
1201 1881 1319 1914 drittes
1358 1882 1467 1915 neben
1500 1893 1555 1914 res
1586 1894 1622 1914 se

946 1928 1128 1960 ostendent
1151 1927 1217 1959 und
1236 1928 1339 1959 verba
1355 1927 1623 1969 respondebunt.

991 1972 1132 2012 familia
1161 1992 1198 1996 -
1225 1974 1402 2014 instituta,
1423 1969 1514 2005 ‘eine
1533 1972 1622 2006 wohl

948 2018 1166 2060 organisierte
1192 2013 1446 2051 Dienerscliast'.

996 2065 1046 2096 10.
1066 2066 1105 2094 ut
1116 2063 1377 2104 provideamus,
1396 2063 1439 2095 ist
1457 2062 1508 2095 ein
1528 2063 1624 2095 iiber-

950 2108 1115 2150 nussiger.
1141 2108 1220 2139 aber
1245 2107 1335 2140 nicht
1361 2107 1536 2141 storender
1562 2107 1622 2139 Zu-

948 2157 1030 2186 satZ.

994 2199 1171 2238 efferentis
1195 2207 1230 2228 se
1260 2207 1380 2238 equos,
1414 2191 1480 2229 ‘die
1505 2195 1624 2230 durch-

949 2242 1123 2286 gehenden
1151 2238 1291 2275 Pserde'.

992 2290 1102 2320 robur
1126 2305 1168 2311 —
1193 2287 1344 2326 fecerint
1362 2287 1428 2330 vgl.
1448 2287 1468 2329 ξ
1489 2289 1507 2320 3
1534 2289 1625 2320 vires

947 2333 1133 2373 fac-iarum.

994 2378 1170 2417 infelicem
1191 2388 1360 2420 poenam,
1388 2377 1522 2411 {ilinlieh
1550 2380 1580 2419 1,
1605 2379 1622 2410 7

949 2423 1102 2463 infelicis
1128 2434 1266 2466 operae.

998 2471 1048 2502 11.
1067 2468 1199 2509 officiis
1215 2469 1387 2507 civilibus,
1406 2466 1622 2510 Gesalligkei-

952 2518 1019 2555 ten,
1046 2514 1173 2547 welche
1205 2514 1255 2546 ein
1285 2513 1523 2556 Staatsbiirger
1548 2512 1623 2546 dem

951 2559 1074 2592 andern
1101 2559 1246 2592 erweist.
