1720 2848
592 137 732 171 cArt'r
759 137 823 171 vn.
848 139 867 179 ξ
893 139 1036 172 25-32.
1465 135 1515 176 87

105 263 190 302 tur;
212 255 311 294 sicut
332 254 465 293 rustici
487 254 683 304 proximas
703 254 788 293 vitis
818 254 965 293 radices
993 260 1208 304 amputant,
1235 266 1331 304 quae
1353 256 1453 293 illam
1477 255 1515 293 in

104 323 298 350 summum
328 310 450 349 solum
481 310 642 355 ducunt,
674 316 714 349 ut
745 310 951 349 inferiores
980 310 1135 361 penitus
1156 311 1428 350 descendendo
1451 313 1516 349 {ir-

105 374 271 407 tuentur.
310 369 363 405 Ac
394 366 526 404 nescio
547 379 609 411 an,
640 366 670 405 si
694 372 901 416 utrumque
930 379 1018 405 cum
1048 379 1140 405 cura
1173 375 1209 405 et
1230 367 1357 406 studio
1380 367 1516 406 seceri-

105 437 201 467 mus,
232 422 394 461 invicem
426 422 559 472 prosit,
593 429 633 460 ut
661 422 868 461 scribendo
898 422 1069 462 dicamus
1090 423 1326 473 diligentius,
1350 423 1514 462 dicendo

104 479 317 519 scribamus
337 478 497 517 facilius.
538 477 799 518 Scribendum
822 491 928 530 ergo,
950 479 1132 529 quotiens
1150 478 1299 527 licebit;
1322 480 1352 518 si
1373 480 1411 518 id
1434 492 1513 518 non

102 536 268 579 dabitur,
297 535 567 584 cogitandum;
599 534 648 573 ab
678 541 845 585 utroque
875 535 1019 574 exclusi
1051 534 1194 574 debent
1223 542 1349 574 tamen
1373 535 1410 574 id
1432 537 1515 574 effi·

103 604 202 638 cere,
223 597 265 630 ut
286 603 413 641 neque
435 591 703 643 deprehensus
725 597 856 630 orator
874 604 1000 642 neque
1018 592 1187 642 litigator
1205 591 1410 631 destitutus
1431 605 1514 631 esse

99 647 284 686 videatur.

212 703 446 754 Plerumque
476 710 603 742 autem
633 703 750 742 multa
779 703 985 754 agentibus
1013 704 1162 746 accidit.
1194 712 1234 742 ut
1259 705 1422 743 maxime
1445 718 1514 744 ne-

101 760 263 798 cessaria
285 766 321 798 et
344 760 476 810 utique
498 760 604 798 initia
627 759 811 804 scribant,
836 767 963 798 cetera
986 772 1085 810 quae
1107 760 1222 799 domo
1245 761 1427 800 adserunt
1447 774 1513 800 co-

99 815 285 863 gitatione
314 816 636 866 complectantur,
673 815 812 854 subitis
851 828 895 854 ex
925 823 1099 867 tempore
1131 824 1351 855 occurrant.
1401 817 1511 862 Quod

99 871 235 911 secisse
267 872 314 910 M.
348 871 515 910 Tullium
548 871 839 910 commentariis
871 871 993 923 ipsius
1022 878 1193 923 apparet.
1236 872 1312 911 Sed
1333 874 1514 912 feruntur

99 927 264 966 aliorum
285 940 441 978 quoque
464 935 500 966 81
521 927 667 966 inventi
689 928 802 973 sorte,
825 935 867 966 ut
885 942 950 967 eos
967 928 1143 968 dicturus
1165 929 1330 980 quisque
1352 941 1512 980 compo·

97 991 238 1028 suerat,
262 991 297 1022 et
320 984 359 1022 in
382 983 502 1023 libros
523 984 672 1034 digesti,
695 991 737 1023 ut
757 996 962 1023 causarum
983 997 1082 1035 quae
1103 992 1194 1024 sunt
1216 994 1323 1024 actae
1341 998 1360 1023 a
1377 985 1511 1024 Servio

97 1039 283 1090 Sulpicio,
314 1040 425 1079 cuius
455 1047 534 1078 tres
565 1040 759 1079 orationes
790 1047 943 1088 extant3
976 1041 1040 1079 sed
1070 1041 1109 1079 hi
1140 1041 1186 1080 de
1209 1041 1351 1092 quibus
1372 1042 1512 1092 loquor

97 1096 365 1134 commentarii
386 1096 436 1134 ita
459 1102 548 1135 sunt
571 1096 705 1143 exacti,
728 1103 768 1135 ut
791 1095 837 1134 ab
860 1096 943 1147 ipso
966 1096 1058 1135 mihi
1077 1097 1115 1136 in
1134 1098 1358 1137 memoriam
1381 1104 1512 1150 poste·

96 1152 220 1191 ritatis
236 1151 439 1191 videantur
455 1165 537 1191 esse
556 1152 773 1202 compositi.
805 1153 901 1191 Nam
919 1153 1117 1193 Ciceronis
1132 1154 1178 1192 ad
1195 1166 1381 1205 praesens
1396 1154 1511 1194 modo

95 1215 247 1259 tempus
274 1215 425 1259 aptatos
453 1208 615 1248 libertus
643 1208 734 1247 Tiro
766 1209 959 1248 contraxit
969 1223 978 1257 ;
1010 1222 1108 1260 quos
1138 1223 1218 1249 11011
1248 1211 1334 1250 ideo
1356 1223 1509 1257 excuse,

95 1264 184 1321 quia
207 1277 285 1302 non
336 1263 407 1303 rob
459 1277 483 1310 i,
505 1265 571 1303 sed
593 1271 634 1304 ut
650 1257 737 1304 §5⁸1⁸
754 1265 874 1316 magis
905 1265 1162 1305 admirabiles.
1204 1266 1247 1305 111
1271 1267 1343 1306 hoc
1366 1279 1510 1318 genere

93 1332 255 1372 prorsus
283 1276 558 1372 feptffigghanc
590 1320 744 1360 brevem
777 1322 1066 1360 adnotationem
1095 1322 1335 1375 libellosque,
1366 1323 1431 1374 qui
1451 1323 1510 1362 vel

93 1389 212 1416 manu
234 1383 443 1415 teneantur
464 1383 500 1416 et
521 1377 566 1415 ad
589 1389 687 1428 quos
709 1377 865 1417 interim
888 1378 1083 1430 respicere
1106 1380 1162 1418 sas
1183 1379 1242 1418 sit.
1285 1379 1383 1419 Illud
1405 1379 1510 1430 quod

91 1497 208 1531 Worte
241 1498 389 1532 erhalten
420 1498 532 1532 Grund
562 1499 628 1532 und
660 1499 766 1533 Tiest.

91 1542 255 1584 (Becher).

137 1590 321 1630 innatans,
357 1589 390 1621 in
427 1589 666 1631 sibertragener
703 1588 766 1622 Be-

91 1632 242 1676 deutung
265 1644 326 1666 nur
354 1633 440 1666 noch
465 1633 531 1667 Vll.
561 1637 588 1675 1,
613 1636 655 1667 44
681 1635 766 1667 haec

92 1678 186 1710 velut
199 1680 403 1711 innatantia
421 1679 586 1711 videbunt
603 1678 634 1712 d.
648 1679 670 1712 i.
692 1689 764 1712 was

90 1723 161 1756 sich
186 1734 252 1756 von
277 1723 384 1756 selbst
409 1723 584 1756 darbietet.

136 1770 172 1800 in
197 1768 308 1800 altum
331 1784 376 1796 =
400 1768 433 1800 in
459 1768 670 1811 profundum.

133 1815 226 1845 sicut
247 1814 375 1845 rustici
397 1831 441 1836 —
463 1813 660 1852 firmentur.
700 1813 764 1847 Der

90 1857 280 1890 Landmann
315 1857 486 1891 schneidet
524 1857 576 1890 die
615 1858 764 1891 flachlie-

89 1901 220 1944 genden
236 1901 393 1935 Wurzetn
407 1902 458 1941 ab,
477 1902 579 1935 damit
597 1903 650 1936 die
669 1904 765 1936 tieser

88 1947 265 1990 liegenden
296 1946 392 1981 desto
425 1947 518 1980 mehr
541 1948 574 1980 in
600 1947 653 1981 die
678 1948 763 1981 Erde

90 1992 296 2034 eindringen.

133 2047 304 2069 summum
320 2038 444 2078 solum,
460 2033 526 2070 ‘die
546 2035 763 2071 Oberssache'.

135 2083 188 2115 29.
223 2085 430 2124 utrumque⁷
466 2082 611 2115 namlich
649 2083 764 2115 dicere

90 2126 158 2160 und
181 2128 344 2159 scribere.

133 2171 380 2214 deprehensus,
414 2168 571 2213 ‘erfasst',
603 2169 648 2205 ‘in
682 2172 762 2206 Ver-

87 2215 258 2259 legenheit
283 2214 443 2258 gesetzt'.

134 2262 186 2294 30.
210 2262 345 2303 subita,
374 2261 448 2295 sind
473 2261 670 2304 plotzliche‚
702 2273 763 2296 un—

88 2305 377 2349 vorhergesehene
401 2306 688 2349 Ausorderungen.

135 2353 410 2393 commentariis,
435 2350 691 2385 Denksehristen
715 2353 761 2385 im

87 2395 265 2428 weitesten
283 2395 396 2438 Sinne,
421 2395 523 2429 daber
544 2397 629 2430 auch
647 2396 762 2431 Notiz-

86 2439 222 2473 bucher.
284 2439 381 2474 Diese
424 2444 666 2474 commentarii
711 2443 762 2476 Ci-

88 2494 183 2518 ceros
219 2484 354 2518 werden
384 2486 469 2519 auch
498 2486 551 2527 lv,
587 2489 616 2529 1,
641 2489 682 2521 69
712 2498 762 2521 er-

86 2529 214 2562 wahnt.

130 2573 309 2617 feruntur,
334 2584 361 2611 s.
385 2585 427 2608 zu
454 2578 482 2618 1,
509 2577 561 2610 24.

880 1511 916 1532 tn
950 1500 1056 1534 libro-5
1086 1501 1232 1543 digesti,
1267 1498 1320 1535 ‘zu
1355 1501 1510 1536 Buchern

834 1542 1027 1588 vereinigt'.

880 1590 1069 1632 Sulpicius,
1095 1601 1120 1623 s.
1149 1594 1177 1631 1,
1207 1593 1278 1624 116.

878 1635 939 1667 sed
963 1636 1008 1677 Izi,
1034 1635 1141 1668 bildet
1166 1635 1230 1669 den
1255 1635 1442 1679 Gegensatg
1468 1648 1507 1671 zu

834 1680 907 1713 dem
927 1680 1048 1723 obigen
1065 1680 1166 1721 Quod
1179 1699 1221 1704 —
1238 1686 1394 1723 apparet.
1420 1682 1509 1715 Uber

834 1725 887 1758 die
901 1725 1098 1759 stilistische
1108 1725 1378 1768 Nachlassigkeit
1393 1737 1419 1761 s.
1433 1727 1510 1760 Ein-

835 1770 965 1813 leitung
990 1769 1023 1803 S.
1053 1773 1102 1804 13.

878 1818 915 1847 in
949 1817 1153 1848 memoriam
1187 1818 1421 1857 posteritatis,
1457 1817 1510 1850 sur

833 1860 886 1893 die
896 1859 1104 1902 Erinnerung
1119 1859 1175 1893 der
1183 1860 1370 1902 Nachwelt,
1384 1862 1509 1904 gleich-

832 1904 1023 1938 bedeutend
1041 1905 1085 1938 ist
1105 1907 1134 1943 1,
1153 1907 1190 1938 31
1208 1906 1256 1938 ad
1266 1916 1363 1938 mem.
1375 1910 1510 1949 poster.

879 1951 930 1983 31.
958 1949 1060 1982 Nam.
1106 1949 1236 1983 Anders
1270 1951 1359 1984 steht
1393 1961 1428 1984 es
1452 1951 1508 1985 bei

834 1994 967 2027 Cicero.
999 1995 1091 2028 scine
1124 1998 1368 2028 commentarii
1396 1996 1507 2039 liegen

832 2039 924 2072 nicht
949 2039 982 2072 in
1008 2039 1066 2073 der
1082 2040 1359 2083 ursprfinglichen
1379 2041 1507 2074 Gestalt

832 2094 911 2118 vor.
945 2084 1089 2118 sondern
1123 2085 1196 2118 sind
1221 2085 1378 2119 verkfirzt
1404 2086 1507 2120 durch

832 2128 928 2167 Tiro;
960 2129 1039 2162 aber
1063 2130 1149 2163 auch
1173 2130 1205 2162 111
1232 2130 1341 2164 dieser
1365 2130 1508 2165 Verkfir-

832 2184 920 2217 zung
943 2174 1051 2208 haben
1078 2175 1126 2208 sie
1150 2175 1263 2208 hohen
1289 2175 1394 2210 Wert.

877 2230 1015 2259 excuso,
1043 2215 1109 2253 ‘ich
1134 2220 1230 2253 ffihre
1253 2221 1417 2254 nebenbei
1443 2218 1507 2255 an'.

876 2265 915 2297 In
930 2265 995 2297 lzoc
1006 2276 1146 2307 genere,
1160 2265 1306 2298 namlich
1319 2268 1355 2297 in
1369 2268 1509 2299 actione

830 2310 1073 2351 extemporali.
1109 2309 1180 2343 Ι)811
1194 2309 1380 2352 Gegensatz
1393 2311 1506 2344 bilden

831 2353 884 2387 die
899 2354 1016 2387 Worte
1030 2358 1067 2386 in
1080 2356 1133 2386 11,ιέ
1147 2365 1236 2397 quae
1252 2357 1507 2397 scripserimus.

875 2402 1025 2454 recipio,
1058 2396 1125 2432 ‘ich
1151 2399 1270 2433 nehme
1304 2396 1373 2441 an',
1405 2397 1508 2434 ‘lasse

831 2444 966 2485 gelten:
992 2444 1045 2477 ein
1066 2444 1244 2477 Ausdruck
1269 2444 1326 2478 der
1350 2447 1506 2489 spateren

830 2489 999 2521 Latinitat.

877 2534 1024 2573 libellos,
1058 2533 1171 2567 kleine
1196 2533 1308 2576 Helie,
1342 2534 1395 2568 die
1427 2546 1506 2569 man

831 2578 976 2622 hequem
1001 2578 1201 2612 handhaben
1226 2578 1326 2615 kann.

1542 1162 1578 1193 31

1541 1387 1578 1419 32
