1720 2848
189 451 226 483 27

258 98 311 138 86
718 104 858 138 CAPUT
886 105 950 138 vu.
978 106 998 148 ξ
1024 108 1166 140 26—28.

257 219 486 271 Diligentius
507 221 612 260 enim
635 221 885 272 componitur
907 233 1019 272 quam
1049 224 1087 260 in
1109 221 1182 268 illa,
1214 223 1251 261 in
1275 235 1348 273 qua
1371 228 1595 263 contextum
1617 226 1673 265 di·

258 277 370 316 cendi
393 277 649 316 intermittere
672 290 862 316 veremur.
906 278 1054 317 Rursus
1082 278 1120 316 in
1152 278 1223 317 alia
1253 280 1339 330 plus
1368 279 1476 330 prior
1508 282 1672 325 confert,

258 334 362 372 vocis
400 334 631 379 firmitatem,
663 335 742 373 oris
772 334 1004 380 facilitatem,
1035 340 1183 372 motum
1214 337 1401 386 eorporis,
1435 336 1500 386 qui
1522 337 1672 389 etipse,

259 395 300 427 ut
321 390 409 437 dixi,
433 392 573 429 excitat
594 398 787 430 oratorem
811 397 847 429 et
869 391 1075 429 iactatione
1096 403 1246 435 manus,
1278 393 1385 442 pedis
1407 393 1671 444 supplosione,

255 446 355 485 sicut
384 448 504 485 cauda
536 447 669 486 leones
698 449 823 486 facere
855 447 1051 493 «licuntur,
1082 447 1269 486 hortatur.
1311 448 1553 488 Studendutn
1583 462 1671 489 vero

257 515 412 554 semper
433 510 470 542 et
492 503 648 554 ubique.
691 504 823 554 Neque
853 504 955 542 enim
990 505 1068 542 fere
1099 511 1174 542 tam
1205 509 1261 542 est
1283 504 1382 543 ullus
1403 505 1483 544 dies
1506 518 1672 557 occupa·
1705 516 1706 519 ’

257 565 330 605 tus,
354 566 392 598 ut
427 560 522 598 niliil
550 560 768 606 lucrativae,
801 567 842 598 ut
874 560 1009 598 Cicero
1041 560 1202 598 Brutum
1233 561 1357 599 facere
1385 562 1509 609 tradit,
1532 575 1670 614 operae

254 616 300 653 ad
323 616 572 655 scribendum
595 623 659 655 aut
681 617 889 668 legendum
912 622 976 655 aut
998 616 1206 655 dicendum
1231 617 1311 667 rapi
1329 618 1456 668 aliquo
1474 625 1672 658 momento

259 673 442 723 temporis
472 673 615 724 possit:
645 673 835 724 siquidem
855 672 1191 721 fi—Canhmetiam
1221 673 1259 712 in
1293 673 1544 713 tabernaculo
1573 676 1673 714 sole-

255 728 320 767 bat
349 729 420 767 1136
450 729 504 767 1111
535 730 810 768 exercitatione
841 729 1006 768 dicendi.
1049 729 1102 768 Ne
1136 729 1173 768 id
1198 730 1353 780 quidem
1376 732 1583 770 tacendum
1605 738 1673 773 est.

256 786 358 835 quod
382 785 505 824 eidem
529 786 706 824 Ciceroni
731 787 866 837 ploret,
893 786 1040 824 nullum
1073 792 1250 824 nostrum
1278 799 1439 837 usquam
1463 787 1674 839 neglegen-

256 848 332 880 tem
356 854 439 881 csse
460 854 703 889 sermonem;
726 843 912 893 quidquid
936 843 1143 893 loquemur
1168 842 1416 893 ubicumque,
1438 844 1486 882 sit
1509 856 1580 895 pro
1602 857 1669 883 sua

255 898 401 936 seilicet
438 899 618 949 portione
655 901 883 949 perfectum.

936 898 1195 937 Scribenduiu
1231 906 1334 937 certe
1372 912 1584 950 numquam
1616 907 1672 939 est

255 954 388 1003 magis,
411 966 525 1004 quam
548 955 778 1049 0113ch
807 955 980 993 dicemus
1009 966 1053 992 ex
1076 960 1263 1004 tempore.
1306 955 1358 993 lta
1379 956 1482 994 enim
1505 957 1674 996 servabi-

602 1024 653 1049 nn

256 1016 318 1048 tur
340 1011 506 1061 pondus,
529 1017 566 1049 et

256 1101 379 1131 nannte
408 1098 506 1131 heisst
534 1099 603 1131 liier
624 1101 808 1141 proatima,
842 1099 930 1132 daun

254 1144 316 1176 illa
342 1143 408 1176 und
430 1145 544 1186 prior.

300 1190 352 1223 26.
385 1191 618 1230 componitur.

257 1234 362 1267 tiselie
389 1234 534 1275 Subjekt
559 1235 602 1267 ist
628 1236 817 1275 cogitatio,
844 1234 931 1267 doch

254 1279 386 1312 scheint
411 1289 446 1312 es
473 1279 598 1318 besser,
624 1280 709 1312 aucti
728 1280 797 1312 hier
817 1280 880 1312 wie
900 1280 931 1312 111

256 1325 275 1365 ξ»
307 1327 344 1358 1-1
370 1323 428 1356 das
454 1324 603 1367 logische
630 1323 775 1366 Subjokt
804 1326 932 1366 oratio,

255 1369 398 1401 namlitzh
425 1380 529 1411 quam
548 1370 739 1411 cogitando
755 1372 930 1412 persequi-

253 1425 334 1447 mur
359 1425 397 1446 zu
431 1416 606 1457 ergiinzen.
656 1415 720 1447 Zur
746 1414 931 1457 Erkliirung

254 1459 313 1493 des
338 1459 502 1492 Veibums
528 1460 594 1502 vgl.
625 1463 651 1494 1,
675 1462 726 1493 79.

298 1506 335 1536 in
353 1505 436 1546 alia,
454 1505 528 1537 eine
546 1505 828 1547 ungewohnliche
844 1505 930 1538 Kon-

252 1549 421 1583 struktion
454 1550 506 1582 boi
532 1550 695 1589 conferre
728 1551 760 1583 in
786 1550 843 1582 der
868 1549 930 1582 Be-

252 1595 403 1637 deutung
427 1591 578 1627 ‘niitzen‘
605 1592 804 1637 ‘zutiiiglich
829 1591 929 1635 seiu‘‚

252 1641 285 1672 in
301 1640 358 1673 der
371 1651 407 1673 es
423 1641 473 1672 bei
487 1641 600 1673 Cicero
616 1641 707 1673 nicht
718 1640 926 1677 vorkommt2

253 1689 348 1718 sonst
372 1685 462 1718 steht
487 1686 544 1718 der
563 1685 669 1725 Dativ‚
696 1696 733 1718 so
764 1689 790 1723 t,
806 1688 928 1719 6351.

250 1732 292 1764 95
319 1730 400 1763 oder
424 1731 472 1762 ad
500 1734 524 1765 t.
556 1734 581 1764 1.

296 1779 336 1807 ut
360 1776 448 1815 dimi,
474 1778 503 1815 2,
531 1778 583 1808 21.

295 1822 395 1863 pedis
407 1821 640 1863 supplosione.
662 1820 735 1862 Vgt.
751 1820 800 1859 xl,
813 1822 926 1861 &1232

252 1866 353 1898 Pedis
376 1866 555 1908 supplosio
581 1869 621 1898 ut
643 1866 718 1897 Ioco
737 1869 787 1897 est
804 1876 930 1908 oppor-

250 1914 348 1953 tuna,
373 1914 413 1942 ut
437 1913 489 1943 ait
515 1912 647 1950 Cicero,
673 1912 710 1943 ἰη
735 1912 930 1943 contentio-

252 1957 355 1988 nibus
385 1960 447 1988 aut
477 1957 689 1999 incipiendis
721 1960 782 1988 aut
804 1956 930 1996 finien-

252 2002 324 2034 dis:
354 2003 404 2033 ita
436 2003 559 2034 crebra
591 2004 624 2033 et
653 2003 765 2044 inepti
793 2005 845 2033 est
869 2002 930 2033 ho—

251 2049 355 2078 minis
390 2049 423 2078 et
463 2047 593 2079 desinit
631 2047 782 2079 iudicem
818 2049 855 2078 in
894 2058 930 2078 se

250 2095 462 2125 convertere.

295 2139 387 2169 sicut
401 2156 443 2160 —
457 2137 637 2177 dicuntur,
656 2147 681 2170 s.
699 2136 792 2169 Hom.
806 2136 842 2169 ll.
857 2136 927 2177 XX,

255 2184 316 2215 170
343 2181 375 2214 ll'.
412 2181 477 2214 und
513 2181 597 2215 Plio.
633 2185 700 2214 nat.
738 2182 813 2215 hist.
850 2181 926 2221 Vlll,

255 2229 306 2268 16,
326 2228 380 2259 19:
397 2226 551 2259 Leonum
565 2229 677 2259 animi
690 2227 798 2259 indeoe
812 2227 925 2259 cauda

251 2290 294 2295 —
310 2272 456 2304 Immota
472 2282 555 2314 ergo
567 2272 730 2314 placidus
747 2272 927 2304 blandien-

252 2319 348 2359 tique
381 2317 524 2357 similis,
565 2318 659 2359 quod
693 2328 818 2349 rarum
855 2320 926 2348 est.-

253 2364 412 2395 crebrior
428 2365 521 2394 enim
539 2362 738 2395 iracundia.
781 2363 866 2394 Eius
890 2364 926 2394 in

251 2409 428 2450 principio
447 2410 542 2440 terra
566 2409 790 2440 verberatur:
814 2409 927 2440 incre-

254 2455 367 2485 mento
393 2457 509 2494 terga,
539 2463 600 2484 ceu
625 2453 777 2494 quodam
801 2454 927 2485 incita-

253 2501 367 2530 mento
391 2498 630 2539 flagellantur.

299 2543 350 2576 27.
368 2543 607 2575 lucrativae—
622 2553 758 2585 operae.
791 2541 926 2575 DasAd-

672 1188 736 1221 Das
769 1198 932 1231 gramma-

685 1017 769 1049 tans
791 1011 852 1049 illa
883 1010 1092 1050 verborum
1125 1011 1285 1050 facilitas
1307 1011 1344 1049 in
1369 1012 1486 1050 altum
1510 1014 1671 1051 reduce·

997 1098 1165 1139 jektivum
1193 1099 1237 1131 ist
1262 1098 1380 1135 seiten,
1406 1099 1458 1132 bei
1478 1099 1600 1140 Cicerov
1617 1099 1677 1132 fin-

1002 1144 1059 1177 det
1091 1154 1126 1176 es
1159 1144 1229 1176 sich
1262 1144 1369 1178 nicht:
1412 1144 1532 1178 hochst
1568 1145 1677 1178 wahr-

1002 1189 1186 1222 sclieinlich
1212 1189 1293 1231 liegt
1310 1189 1381 1222 also
1405 1189 1481 1223 kein
1500 1190 1587 1223 Citat
1604 1201 1674 1228 vor,

1002 1235 1129 1267 ebenso
1170 1234 1495 1268 unwalirsclieinlicli
1539 1236 1583 1268 ist
1623 1235 1675 1268 die

1004 1279 1220 1321 Vermutung,
1247 1279 1317 1312 dass
1343 1280 1396 1313 die
1419 1279 1534 1313 Worte
1559 1283 1598 1312 ut
1624 1280 1677 1314 Ci-

1003 1336 1082 1357 cero
1104 1344 1148 1348 —
1173 1325 1284 1357 tradit
1308 1325 1541 1368 ursprunglieh
1567 1325 1676 1358 liiuter

1000 1371 1127 1412 ubique
1151 1369 1334 1411 gestanden
1355 1370 1462 1403 haben
1488 1370 1554 1403 und
1573 1370 1676 1403 durch

1000 1415 1171 1448 Verselien
1213 1415 1270 1447 der
1303 1415 1527 1448 Abschreiber
1568 1415 1676 1448 hinter

1001 1461 1194 1492 luet-alivae
1227 1464 1362 1501 geraten
1398 1461 1505 1493 seien:
1540 1460 1673 1493 {ilinlicli

999 1506 1021 1545 Ι,
1045 1507 1092 1545 12,
1111 1507 1148 1538 13
1168 1508 1362 1546 temporum
1381 1506 1475 1537 velut
1489 1507 1675 1538 subsiciva.

1000 1550 1063 1582 Zur
1095 1549 1201 1582 Sache
1235 1550 1301 1591 vgl.
1328 1550 1394 1582 Cic.
1421 1549 1508 1583 Orat.
1539 1553 1587 1591 10,
1615 1553 1673 1584 34:

1001 1596 1073 1627 Iam
1107 1597 1276 1637 quantum
1301 1595 1392 1627 illud
1419 1599 1486 1636 est,
1520 1596 1614 1637 quod
1639 1598 1675 1627 in
1712 1621 1714 1624 ,

997 1642 1163 1672 maz-imis
1176 1642 1466 1682 occupationibus
1483 1651 1673 1682 numquam

999 1687 1204 1718 intermittis
1227 1686 1344 1718 studia
1369 1686 1563 1723 doctrinae,
1589 1696 1675 1717 sem-

996 1742 1059 1773 per
1091 1733 1154 1762 aut
1185 1732 1257 1771 ipse
1279 1732 1403 1762 scribis
1427 1731 1581 1773 aliquid,
1612 1734 1675 1763 aut

998 1787 1050 1807 me
1076 1786 1179 1807 vocas
1203 1775 1251 1807 ad
1273 1776 1504 1808 scribendum.

1045 1820 1258 1872 Q
1279 1820 1405 1853 Konsul
1440 1822 1501 1853 120
1532 1831 1564 1853 v,
1598 1820 1672 1853 Chr,

999 1866 1065 1898 Cic.
1091 1864 1183 1898 Brut.
1209 1867 1262 1907 27,
1289 1867 1349 1898 103
1376 1869 1479 1898 nennt.
1504 1865 1559 1898 11111
1583 1876 1674 1897 sum-

996 1922 1074 1942 mus
1099 1913 1222 1942 orator
1246 1910 1313 1943 und
1331 1915 1406 1952 sagt
1423 1920 1488 1943 von
1507 1911 1573 1943 ihm
1592 1922 1623 1944 u.
1643 1920 1672 1945 a.

997 1957 1015 1998 ξ
1046 1958 1124 1989 105;
1156 1956 1370 1988 industrium
1401 1957 1506 1988 etiam
1537 1959 1570 1987 et
1593 1956 1675 1988 dili-

993 2004 1135 2043 gentem
1157 2004 1189 2032 et
1203 2003 1239 2033 in
1253 2002 1567 2033 attenuationibus
1584 2011 1674 2033 com-

996 2047 1338 2088 mentationibusque
1368 2047 1516 2079 multum
1548 2056 1674 2088 operae

995 2092 1139 2124 solitum
1163 2102 1232 2123 esse
1253 2102 1401 2133 ponere,
1428 2090 1495 2133 vgl.
1521 2090 1562 2124 de
1588 2094 1673 2123 orat.

997 2137 1020 2178 1,
1046 2139 1099 2177 34,
1129 2138 1200 2169 151.

1043 2183 1095 2215 28.
1125 2180 1294 2213 Ciceroni.
1337 2179 1378 2211 Es
1396 2179 1473 2212 l'asst
1490 2179 1561 2212 sich
1581 2181 1671 2213 nicht

998 2225 1223 2265 naehweisen,
1249 2224 1377 2257 welche
1395 2224 1500 2257 Stelle
1525 2226 1672 2267 gemeint

997 2271 1050 2310 ist,
1078 2270 1357 2303 wahrscheinlieh
1375 2269 1531 2303 kommen
1545 2270 1671 2311 jedoch
1715 2263 1716 2275 ¹

999 2317 1049 2349 bei
1075 2315 1150 2348 dem
1176 2315 1264 2348 Citat
1289 2325 1350 2347 nur
1374 2314 1427 2347 die
1456 2314 1570 2348 Worte
1595 2316 1672 2348 nul—

997 2362 1067 2393 lum
1094 2380 1136 2384 —
1161 2370 1353 2392 sermonem
1379 2360 1411 2392 in
1439 2359 1553 2402 Frage.
1716 2383 1717 2387 ,

1043 2407 1095 2438 lta
1119 2424 1163 2429 -
1187 2406 1386 2438 reducetur.
1434 2404 1479 2438 So
1507 2405 1589 2438 wird
1613 2405 1672 2438 das
1716 2428 1717 2431 η

997 2450 1151 2484 Gewicht
1187 2450 1244 2483 der
1281 2449 1372 2483 Rede
1413 2450 1566 2492 gewahrt
1605 2450 1672 2483 und

991 2497 1072 2538 jene
1099 2496 1202 2529 leicht
1227 2495 1285 2528 aus
1307 2495 1365 2528 der
1383 2494 1580 2528 Oberlliiche
1602 2498 1675 2528 ent—

996 2540 1182 2574 standenen
1223 2540 1289 2573 und
1330 2541 1402 2573 sich
1443 2539 1674 2583 bewegenden
1716 2536 1717 2580 J
