1715 2843
172 630 208 663 10

169 912 204 944 11

167 1419 203 1451 13

243 111 295 151 82
736 116 876 150 CAPUT
904 116 967 150 vn.
994 117 1014 159 ς·
1041 118 1160 152 8—13.

243 243 342 281 opus
363 237 421 270 est
442 231 608 270 naturali
637 231 802 282 quadam
823 231 1035 271 mobilitate
1065 232 1196 279 animi,
1218 241 1271 279 ut,
1294 233 1383 271 dum
1407 233 1580 284 proxima
1602 233 1659 272 di·

243 286 378 335 cimus,
408 294 559 327 struere
588 288 773 326 ulteriora
803 288 1018 339 possimus,
1049 301 1279 339 semperque
1317 296 1489 328 nostram
1522 301 1654 328 vocem

241 343 394 394 provisa
424 351 462 382 et
491 346 652 382 formata
686 344 865 395 cogitatio
897 345 1078 396 excipiat:
1116 345 1176 383 vix
1197 351 1323 384 tamen
1347 352 1409 385 aut
1435 351 1572 385 natura
1594 353 1657 384 aut

242 400 340 438 ratio
368 400 406 439 in
440 406 516 439 tam
546 400 747 451 multiplex
777 401 948 439 officium
977 401 1160 440 diducere
1191 401 1361 441 animum
1385 408 1512 453 queat,
1535 409 1578 441 ut
1597 402 1658 441 in-

242 456 434 503 ventioni,
470 456 734 507 dispositioni,
769 457 998 504 elocutioni,
1037 458 1163 496 ordini
1200 470 1330 497 rerum
1358 458 1657 509 verborumque,

243 519 324 551 tum
346 513 391 552 iis
413 526 510 563 quae
533 513 635 559 dicit,
665 526 763 563 quae
794 513 1075 553 subiuncturus
1107 522 1176 560 est,
1207 526 1305 564 quae
1329 515 1426 554 ultra
1448 514 1657 566 spectanda

241 576 353 616 sunt,
384 569 551 608 adhibita
580 569 706 616 vocis,
735 570 1090 621 pronuntiationis,
1121 576 1261 635 gest-ue.
1341 583 1351 590 ’
1380 572 1552 610 rvatione
1580 583 1657 610 una

239 625 417 664 sufficiat.
459 625 593 676 Longe
625 626 729 664 enim
750 626 955 677 praecedat
985 633 1139 677 oportet
1161 615 1326 665 intensio
1357 640 1399 666 ac
1421 640 1511 678 prae
1533 640 1573 667 se
1595 640 1656 666 res

240 688 338 732 agat,
361 689 629 733 quantumque
652 681 817 722 dicendo
839 683 1094 730 consumitur,
1123 689 1272 722 tantum
1295 696 1340 721 ex
1364 683 1496 722 ultimo
1518 696 1656 735 proro—

238 745 372 787 getur;
402 744 455 784 ut,
488 739 612 777 donec
645 740 917 789 perveniamus
947 740 992 778 ad
1023 742 1153 786 tinem,
1186 753 1264 778 non
1297 740 1426 778 minus
1447 747 1655 791 prospectu

239 794 495 844 procedamus
524 807 638 845 quam
669 796 811 845 gradu,
848 796 878 835 si
910 809 989 835 non
1019 796 1306 835 intersistentes
1342 798 1656 846 oll'ensantesque

239 849 367 889 brevia
389 851 450 889 illa
473 858 588 902 atque
611 852 768 891 concisa
790 852 1083 903 singultantium
1105 852 1220 890 modo
1244 853 1403 891 eiecturi
1426 865 1571 892 sumus.

349 906 417 946 Est
447 907 565 957 igitur
596 920 689 947 usus
720 909 873 958 quidam
904 909 1157 955 inrationalis,
1189 922 1303 959 (piam
1333 909 1469 948 Graeci
1500 903 1656 961 ἄλογον

238 959 390 1018 τριβὴν
412 969 563 1011 vocant,
587 976 662 1014 qua
683 976 822 1004 manus
844 965 881 1003 in
905 964 1113 1004 scribendo
1131 965 1314 1011 decurrit,
1337 978 1410 1016 qua
1433 965 1533 1004 oculi
1555 972 1657 1004 totos

238 1019 351 1058 simul
380 1019 419 1058 in
450 1020 618 1059 lectione
647 1032 781 1060 versus
802 1022 1002 1072 flexusque
1032 1033 1167 1059 eorum
1191 1027 1226 1059 et
1248 1021 1434 1060 transitus
1454 1022 1657 1060 intuentur

239 1083 275 1114 et
307 1082 397 1115 ante
429 1077 633 1126 sequentia
662 1077 792 1116 rident
821 1090 937 1127 quam
966 1077 1096 1129 priora
1126 1077 1320 1116 dixerunt.
1362 1078 1448 1122 Quo
1477 1083 1655 1116 constant

236 1131 421 1171 miracula
449 1132 512 1171 illa
542 1133 579 1171 in
610 1133 762 1173 scaenis
791 1134 1017 1184 pilariorum
1048 1146 1093 1172 ac
1114 1134 1401 1180 ventilatorem,
1432 1141 1473 1172 ut
1495 1146 1538 1172 ea
1560 1144 1657 1184 quae

238 1189 439 1228 emiserint
469 1189 571 1228 ultro
602 1190 734 1229 venire
767 1190 805 1229 in
839 1203 976 1230 manus
998 1190 1133 1229 credas
1155 1196 1193 1228 et
1214 1203 1289 1241 qua
1310 1190 1496 1229 iubentur
1517 1190 1655 1228 decur-

189 1257 193 1261 ’
235 1257 334 1284 rere.
377 1245 451 1284 Sed
478 1245 540 1284 hic
568 1259 662 1285 usus
692 1246 743 1285 ita
772 1247 958 1297 proderit,
989 1247 1019 1286 si
1053 1260 1096 1285 ea
1125 1246 1171 1284 de
1203 1260 1277 1297 qua
1299 1246 1418 1286 locuti
1441 1258 1574 1286 sumus
1595 1257 1657 1284 ars

236 1301 502 1349 antecesserit,
535 1309 577 1341 ut
598 1303 724 1354 ipsum
747 1303 853 1351 illud,
885 1304 987 1355 quod
1021 1303 1059 1342 in
1087 1316 1127 1342 se
1150 1303 1340 1342 rationem
1364 1315 1443 1342 non
1465 1303 1594 1349 habet,
1616 1302 1655 1340 in

236 1358 386 1397 ratione
409 1365 596 1398 versetur.
638 1359 734 1398 Nam
765 1360 858 1398 milii
891 1372 938 1398 ne
968 1359 1097 1399 dicere
1130 1359 1284 1410 quidem
1316 1359 1467 1398 videtur
1495 1359 1568 1398 nisi
1590 1358 1656 1409 qui

235 1414 434 1465 disposite,
458 1422 604 1462 ornate,
627 1416 786 1467 copiose
809 1416 912 1464 dicit,
935 1416 999 1455 sed
1022 1416 1261 1455 tumultuari.
1303 1416 1380 1454 Nec
1405 1415 1552 1454 fortuiti
1575 1426 1656 1453 ser—

233 1518 281 1546 est
315 1514 398 1546 aliis
433 1525 624 1547 concursus
655 1517 727 1548 oris
763 1519 795 1547 et
832 1526 910 1548 cum

232 1560 346 1592 verbis
371 1561 445 1591 sais
470 1560 695 1593 conluctatio.

278 1606 308 1638 9.
334 1605 495 1638 adhibita
510 1624 552 1628 —
572 1606 824 1646 observatione,
842 1605 908 1647 vgl.

235 1652 262 1684 1,
292 1652 341 1682 17.

276 1696 448 1736 sufficiat,
472 1695 618 1728 niimlich
645 1697 795 1729 animus.

280 1743 330 1774 10.
349 1743 518 1782 quantum
533 1759 574 1763 —
587 1744 814 1782 prorogetur,
835 1739 909 1773 sind

230 1785 438 1819 Ausdrfieke.
457 1785 509 1818 die
528 1785 601 1818 dem
619 1786 820 1818 Geldwesen
838 1789 910 1818 ent-

230 1830 326 1863 lehnt
343 1830 427 1863 sind.
455 1830 570 1863 Soviet
587 1831 632 1863 im
647 1830 759 1863 Reden
779 1829 910 1863 darauf-

231 1875 322 1917 geht,
347 1875 434 1908 muss
460 1875 516 1908 der
534 1875 666 1908 Redner
684 1875 756 1908 sicli
774 1875 817 1907 im
835 1885 911 1907 vor-

231 1931 290 1954 aus
314 1931 392 1954 vom
418 1920 510 1953 Ende
542 1930 602 1954 aus
627 1920 744 1963 ssussig
769 1920 910 1953 macheu

230 1965 298 1998 und
323 1976 361 1999 so
387 1965 679 2008 gewisscrmassen
710 1966 801 1998 scine
826 1965 908 1998 zah-

229 2010 497 2053 lungssalnigkeit
532 2010 647 2053 langer
680 2010 908 2044 hinausschie-

228 2055 305 2089 ben.
355 2055 519 2095 (Becher).

278 2103 328 2134 11.
348 2100 589 2140 inrationalis,
601 2096 823 2143 ‘prinziplos'‚
838 2100 909 2134 also

230 2146 304 2179 eine
330 2145 565 2178 meclianische
591 2145 785 2187 Fertigkeit.

274 2201 400 2223 manus
424 2210 467 2214 —
493 2190 662 2231 decurrit,
688 2190 754 2232 vgl.
776 2190 843 2222 Cic.
869 2189 909 2222 de

230 2241 314 2269 orat.
334 2235 372 2276 ll,
391 2238 444 2276 30,
463 2238 541 2270 130:
567 2235 687 2277 ,Neque
705 2237 808 2275 enim,
826 2246 909 2276 quo-

230 2283 319 2313 tiens
343 2282 484 2313 verbum
510 2281 657 2323 aliquod
680 2283 731 2312 est
754 2282 906 2312 scriben-

230 2327 311 2358 dum
329 2327 439 2366 nobis,
466 2328 593 2358 totiens
610 2327 685 2357 eius
701 2326 798 2357 verbi
815 2326 905 2357 litte-

227 2383 290 2403 rae
303 2375 385 2403 sunt
402 2373 618 2413 cogitatione
635 2371 907 2412 conquirendae,

227 2427 291 2449 nec
327 2418 490 2458 quotiens
522 2427 626 2448 causa
665 2415 813 2448 dicenda
848 2418 907 2456 est,

228 2464 356 2494 totiens
373 2462 420 2494 ad
435 2463 509 2493 eius
534 2472 659 2493 causae
681 2462 832 2503 seposita
850 2472 906 2493 ar-

224 2510 394 2547 gumenta
418 2506 552 2538 revolvi
576 2517 639 2538 nos
665 2509 821 2548 oportet,
849 2505 910 2538 sed

228 2552 354 2584 habere
379 2554 491 2584 certos
516 2551 623 2593 locos,
654 2552 726 2593 qui,
755 2554 794 2583 ut
819 2551 907 2583 litte—

979 1526 1041 1547 rae
1058 1515 1105 1547 ad
1122 1516 1262 1546 verbnm
1280 1514 1514 1555 scribendum,
1536 1516 1587 1546 sic
1603 1514 1657 1545 illi

980 1560 1027 1592 ad
1063 1570 1202 1591 cansam
1248 1560 1494 1601 explicandam
1535 1561 1654 1591 statim

979 1608 1180 1638 occurrant.

1024 1644 1484 1689 miracula,‘Kunststiieke’.
1498 1648 1557 1682 das
1571 1649 1656 1691 grie—

980 1695 1114 1728 chisclte
1140 1691 1327 1736 θαὺματα,
1356 1694 1423 1736 vgl.
1450 1693 1547 1728 Plato
1573 1693 1654 1736 Rep.

984 1739 1046 1779 Vll,
1072 1742 1137 1773 514
1162 1739 1188 1772 Β
1214 1739 1254 1772 de
1281 1739 1367 1781 legg.
1393 1739 1441 1777 lll,
1467 1741 1530 1773 ⁴558
1556 1738 1593 1772 B.

1022 1785 1238 1827 pilariorum
1251 1796 1292 1816 ac
1305 1785 1564 1816 ventilatorum.
1581 1782 1655 1816 Bei-

980 1829 1020 1862 de
1046 1829 1180 1862 Worter
1204 1828 1315 1862 finden
1348 1829 1418 1862 sict.
1443 1829 1476 1861 in
1503 1828 1560 1861 der
1585 1827 1657 1861 hier

980 1874 1239 1908 erforderlichen
1255 1873 1452 1916 Bedeutung
1465 1883 1530 1906 von
1546 1873 1657 1907 Gauk—

979 1920 1027 1952 ler
1045 1919 1112 1952 und
1126 1918 1404 1961 'faselienspieler
1423 1919 1540 1952 weiter
1553 1918 1655 1951 nicht.

1028 1967 1076 1999 12.
1103 1967 1153 1997 ita
1173 1982 1211 1988 —
1233 1966 1264 1996 si
1288 1964 1332 1996 im
1357 1963 1655 1997 beschriinkenden

980 2009 1082 2043 Sinne
1099 2007 1174 2042 ‘nur
1191 2010 1224 2042 in
1243 2009 1317 2042 dem
1335 2008 1437 2048 Falle,
1462 2005 1584 2048 wenn',
1602 2008 1655 2041 bei

981 2055 1092 2093 Quint.
1118 2054 1185 2088 und
1212 2054 1274 2087 den
1301 2055 1455 2097 sp'ateren
1479 2053 1654 2087 Lateinern

981 2100 1056 2133 sehr
1080 2099 1210 2138 afflictu
1237 2099 1287 2132 ost
1314 2099 1396 2132 wird
1416 2099 1501 2132 noch
1520 2098 1654 2131 demum

979 2144 1088 2177 hintes
1112 2147 1162 2176 ita
1188 2148 1328 2186 gesetzt.

1024 2189 1065 2221 de
1091 2200 1159 2231 qua
1184 2207 1226 2212 -—-
1250 2199 1380 2229 smnus,
1406 2189 1425 2229 ᾖ
1451 2189 1550 2220 5-7.

1024 2236 1059 2265 in
1082 2236 1222 2266 ratione
1239 2236 1407 2273 versetur,
1432 2232 1452 2266 i.
1471 2243 1499 2266 e.
1518 2234 1654 2265 ratione

979 2281 1213 2312 contineatur.

1023 2323 1250 2364 tumultuari,
1276 2323 1342 2366 vgl.
1368 2322 1404 2364 ll,
1433 2325 1483 2360 12,
1512 2324 1547 2356 11
1577 2332 1653 2355 cum

976 2370 1117 2402 interim
1143 2379 1212 2401 non
1231 2371 1368 2401 actores
1391 2368 1494 2400 modo
1519 2367 1656 2409 aliquos
1701 2388 1702 2391 =

976 2416 1154 2454 invenias,
1191 2414 1266 2454 scd,
1299 2413 1394 2455 quod
1425 2416 1473 2445 est
1506 2414 1654 2454 turpius,

973 2462 1220 2502 praeceptores
1256 2461 1379 2499 etiam,
1422 2459 1484 2499 qui
1519 2458 1654 2489 brevem

978 2505 1118 2537 dicendi
1153 2505 1444 2537 exercitationem
1477 2502 1654 2535 consecuti

980 2551 1103 2583 omissa
1136 2551 1293 2590 ratione,
1325 2551 1365 2581 ut
1394 2548 1472 2581 tulit
1496 2549 1655 2590 impetus,
