1720 2848
136 786 172 818 85

208 92 260 131 42
713 94 854 128 CAPUT
881 96 902 129 1.
928 95 949 138 ξ
974 96 1115 130 32—86.

207 213 433 252 stimonium
455 220 524 258 est,
548 213 585 251 in
611 214 714 251 hunc
736 213 939 251 transferri
958 213 1166 252 iustissime
1184 213 1316 264 possit,
1340 213 1378 251 in
1404 213 1519 253 labris
1540 214 1624 253 eius

207 270 350 309 sedisse
374 269 565 320 quandam
588 269 845 320 persuadendi
863 269 986 307 deam.
1028 269 1127 315 Quid
1146 270 1388 321 reliquorum
1407 269 1624 309 Socratico-

209 338 293 364 rum
309 324 575 377 elegantiam?
598 325 697 371 Quid
721 324 1074 364 Aristotelem?
1096 338 1211 377 quem
1229 326 1363 365 dubito
1382 327 1542 365 scientia
1564 339 1625 365 re-

209 395 294 421 rum
318 395 364 421 an
389 382 626 433 scriptorum
649 393 759 432 copia
782 394 829 420 an
854 382 1062 432 eloquendi
1080 383 1264 421 suavitate
1281 395 1328 421 an
1354 383 1624 422 inventionum

207 439 385 478 acumine
408 451 455 476 an
480 438 661 477 varietate
685 451 847 489 operum
870 439 1074 477 clariorem
1097 445 1241 489 putem.
1283 439 1377 478 Nam
1401 439 1438 478 in
1463 439 1626 479 Theo·-

207 496 415 550 phrasto
451 502 526 533 tam
557 501 615 533 est
644 495 827 545 loquendi
859 495 964 534 nitor
995 495 1056 533 ille
1086 495 1247 542 divinus,
1281 503 1321 535 ut
1343 509 1389 535 ex
1411 509 1456 535 eo
1480 508 1623 535 nomen

207 565 363 603 quoque
386 551 546 590 traxisse
568 551 730 590 dicatur.
773 552 901 590 Minus
930 551 1127 590 indulsere
1150 552 1209 590 elo
1241 553 1395 595 uentiae
1418 553 1625 601 διψῇ-νε-

207 616 327 657 teres;
345 609 409 647 sed
427 620 515 647 cum
532 608 696 647 honesta
714 615 922 647 suaserunt
937 615 1018 646 tum
1036 608 1074 647 in
1095 591 1316 659 ὃδῆίςξθηὸὃ
1329 609 1625 660 probandoque,

207 677 303 716 quae
326 665 588 711 instituerant,
610 665 821 716 plurimum
845 665 1060 710 valuerunt,
1094 664 1211 703 rebus
1232 671 1358 703 tamen
1382 666 1484 704 acuti
1505 665 1626 717 magis

207 734 335 773 quam,
358 721 393 760 id
418 721 519 772 quod
543 733 635 760 sane
659 734 738 760 non
763 722 1066 763 adfectaverunt.
1089 721 1266 759 oratione
1288 722 1495 771 magnifici.

317 778 419 817 ldem
444 778 556 817 nohis
588 790 658 829 per
680 778 878 818 Romanos
908 790 1065 829 quoque
1087 784 1267 817 auctores
1297 778 1392 817 ordo
1425 779 1627 817 ducendus

207 841 274 874 est.
319 835 450 885 ltaque
475 841 513 873 ut
536 835 636 886 apud
661 835 746 873 illos
764 835 969 882 Homerus,
992 835 1045 873 sic
1068 835 1168 886 apud
1194 847 1264 873 nos
1282 835 1469 888 ijgjli
1485 848 1506 874 u
1518 848 1540 883 s,
1558 847 1625 873 au-

208 892 504 942 spicatissimum
527 891 672 929 dederit
696 892 918 936 exordium,
945 892 1121 930 omnium
1144 892 1226 930 cius
1247 892 1402 942 generis
1425 898 1626 942 poetarum

207 948 443 986 Graecorum
467 945 772 998 nostrorumque
803 949 902 986 haud
936 948 1051 986 dubie
1082 951 1117 986 ei
1143 948 1357 998 proximus.
1402 948 1492 986 L'tar
1521 949 1625 986 enim

206 1003 332 1043 verbis
355 1004 486 1047 isdem,
511 1016 609 1054 quae
632 1016 675 1043 ex
700 1005 792 1059 A‘sro
815 1004 990 1049 Domitio,
1007 1004 1156 1042 iuvenis
1177 1005 1332 1055 excepi;
1365 1005 1429 1055 qui
1453 1005 1543 1043 mihi
1566 1006 1625 1043 in-

204 1061 429 1111 terroganti,
457 1072 571 1111 quem
594 1061 763 1099 Homero
782 1061 957 1099 crederet
973 1062 1137 1099 maxime
1154 1061 1349 1105 accedere,
1367 1054 1625 1107 ‘Secun(lus',

205 1117 345 1168 inquit,
364 1112 439 1156 ‘est
462 1117 663 1168 Vergilius,
683 1117 845 1169 propior
862 1124 990 1156 tamen
1010 1118 1135 1168 primo
1159 1130 1274 1167 quam
1293 1111 1446 1156 tertio'.
1469 1117 1514 1156 Et
1539 1118 1627 1156 her-

205 1174 290 1213 cule
314 1181 352 1212 nt
378 1174 428 1212 illi
453 1179 614 1212 naturae
639 1174 792 1213 caelesti
815 1180 930 1225 atque
954 1174 1148 1212 inmortali
1171 1174 1415 1219 cesserimus,
1439 1174 1487 1212 ita
1511 1186 1626 1213 curae

205 1237 238 1269 et
264 1231 483 1282 diligentiae
505 1231 562 1268 vel
587 1230 672 1268 ideo
695 1231 732 1269 in
758 1231 830 1269 hoc
853 1231 940 1282 plus
962 1237 1038 1277 est,
1072 1231 1174 1282 quod
1210 1231 1242 1269 ei
1276 1230 1344 1269 suit
1368 1231 1489 1282 magis
1520 1230 1626 1269 laho-

204 1287 389 1334 randum;
422 1294 457 1325 et
481 1294 669 1339 quantum
693 1287 958 1326 eminentibus
980 1287 1192 1334 vincimur,
1215 1288 1376 1326 fortasse
1399 1287 1626 1338 aequalitate

249 1412 301 1444 83.
327 1411 505 1443 Socratici
539 1420 566 1443 s.
592 1411 612 1453 ξ
640 1412 691 1444 35.

247 1456 478 1497 elegantiam,
522 1455 774 1498 kunstgemiisse
803 1455 878 1488 Dar-

202 1496 373 1543 stellung’.

249 1545 465 1586 Aristoteles,
491 1547 637 1587 gehoren
665 1547 728 1579 384
755 1556 784 1578 ν.
805 1545 879 1579 Chr.

948 1412 1098 1443 σπέσιον
1107 1406 1349 1454 Ἀριστοτέλης
1357 1407 1624 1452 μετωνόμασεν.

994 1457 1047 1489 94.
1066 1466 1155 1498 quae
1174 1457 1412 1493 instituerant,
1430 1451 1513 1487 ‘ihre
1528 1454 1627 1487 Lehr-

948 1496 1061 1534 sfitze’.

992 1548 1094 1577 rebus
1120 1547 1226 1580 acuti,
1252 1545 1394 1577 'scharfe
1420 1542 1574 1577 Denker'.

203 1602 242 1624 zu
270 1592 400 1633 Stagira
426 1592 458 1623 in
485 1590 725 1627 Makedonien,
760 1591 880 1623 Lehrer

202 1637 402 1679 desjungen
421 1636 620 1677 Alexander,
645 1636 703 1668 der
726 1636 879 1669 bertihm-

203 1685 288 1714 teste
306 1681 373 1714 und
395 1681 600 1724 gelehrteste
620 1680 802 1724 philosoph
822 1681 880 1713 des

202 1728 397 1761 Altertnms.
423 1726 544 1759 dessen
564 1727 688 1759 Lehren
712 1726 763 1759 sfir
782 1727 880 1768 lange

202 1773 274 1805 Zeit
322 1772 539 1813 massgebend
588 1782 747 1813 gewesen
793 1771 879 1805 sind.

201 1817 292 1850 starb
325 1817 356 1849 in
387 1816 524 1850 Chalkis
549 1819 625 1857 322,
655 1818 723 1859 vgl.
758 1816 880 1860 Diony-

202 1863 288 1896 sius:
316 1860 573 1906 παραληπτέον
591 1859 631 1895 δὲ
647 1865 706 1894 καὶ
722 1859 880 1907 Ἀριστο-

201 1906 282 1950 τέλη
308 1907 355 1940 εἰς
378 1910 530 1949 μίμησιν
559 1907 620 1949 τῆς
643 1919 682 1940 τε
708 1909 789 1952 περὶ
813 1905 880 1949 τὴν

201 1953 392 1997 ἑρμηνείαν
416 1950 620 1995 δεινότητος
649 1955 708 1985 καὶ
733 1954 793 1994 τῆς
817 1963 878 1985 σα-

201 2001 347 2042 φηνείας
377 2000 434 2029 καὶ
466 1998 528 2030 τοῦ
560 1995 658 2039 ἡδέος
690 2000 748 2030 καί
775 1996 878 2032 πολυ-

199 2042 350 2085 μαθὉῦς.

245 2088 348 2129 Nam,
373 2098 398 2120 s.
425 2088 443 2129 ἓ
473 2089 523 2121 12.

250 2133 497 2175 Theophrasto.
536 2132 576 2164 Er
603 2142 673 2164 war
698 2142 737 2164 zu
757 2132 878 2165 Eresos

200 2178 259 2211 ans
290 2177 415 2210 Lesbos
450 2179 510 2211 371
545 2188 574 2210 v.
610 2177 683 2210 Chr.
719 2178 877 2219 geboren,

203 2223 316 2256 wurde
343 2222 638 2265 322 Nachs01ger
667 2222 726 2255 des
752 2222 879 2255 Aristo-

203 2269 287 2301 teles
310 2269 360 2300 als
379 2268 499 2301 Lehrer
518 2267 576 2301 der
595 2268 877 2311 peripatetischen

202 2314 325 2347 Schule
352 2323 390 2345 zu
418 2314 527 2346 Athen
553 2314 619 2346 und
645 2314 736 2346 starh
763 2314 838 2346 287.

245 2370 369 2391 nomen
403 2361 567 2391 traoeisse.
612 2358 676 2391 Cic.
710 2358 797 2391 Orat.
828 2360 878 2395 19.

200 2406 241 2438 62
263 2404 322 2436 Th.
347 2405 536 2436 divinitate
561 2404 729 2446 loquendi
753 2414 877 2436 nomen

200 2451 344 2481 invenit.
383 2448 477 2491 Diog.
506 2449 610 2482 Laert.
638 2448 676 2489 V,
702 2451 762 2482 38:
795 2449 878 2481 Τοῦ·

200 2506 281 2529 τον,
327 2491 511 2538 Τύρταμον
547 2490 757 2539 λεγόμενον,
797 2492 878 2527 Θεό-

201 2549 363 2583 φραστον
388 2536 444 2571 διὰ
480 2538 518 2572 τὸ
545 2540 604 2580 ris
629 2537 793 2583 φράσεως
818 2539 878 2572 θε-

995 1593 1046 1624 85.
1077 1591 1265 1632 let-gillius.
1291 1592 1422 1623 ‘Iu—tu
1448 1601 1479 1621 v.
1506 1590 1579 1622 Chr.

994 1637 1311 1678 auspicatissimum
1336 1636 1533 1676 emi-dium,
1559 1635 1626 1677 vgl.

950 1681 1028 1714 Tac.
1056 1681 1163 1714 Germ.
1194 1684 1227 1713 11
1257 1681 1403 1722 agendis
1435 1681 1537 1712 rebus
1562 1681 1628 1713 hoc

950 1729 1267 1769 auspicatissimum
1294 1727 1435 1758 initium
1468 1725 1626 1758 credunt.

996 1774 1048 1805 86.
1075 1771 1164 1810 Afer·
1185 1772 1367 1810 Domitius,
1393 1771 1445 1804 ein
1473 1771 1627 1804 bertilim·

952 1823 1011 1851 ter.
1038 1827 1103 1859 {on
1122 1817 1234 1855 Quint.
1261 1816 1312 1849 oft
1336 1820 1521 1859 genannter
1542 1815 1627 1849 Red-

949 1873 1017 1895 ner.
1045 1862 1133 1895 Uher
1147 1862 1200 1894 die
1214 1861 1371 1904 Stellung
1384 1862 1442 1894 der
1457 1861 1574 1894 Worte
1587 1880 1625 1885 —

949 1908 1082 1940 iihnlich
1108 1908 1151 1939 im
1185 1907 1364 1949 folgenden
1392 1906 1625 1949 Paragraphen

949 1955 1122 1986 Atacinus
1155 1954 1270 1985 Varro
1303 1972 1344 1976 —-
1376 1962 1401 1984 s.
1434 1952 1625 1994 Einleitung

995 2048 1144 2075 naturae
1176 2043 1326 2075 caelesti.
1377 2042 1556 2080 Caelestis,
1593 2043 1623 2074 in

948 2089 1057 2121 dieser
1079 2089 1323 2129 fihertragenen
1343 2086 1542 2128 Bedeutung
1559 2097 1624 2119 von

949 2134 1011 2166 den
1039 2133 1194 2165 Dichtern
1219 2133 1251 2164 in
1278 2132 1331 2165 die
1356 2131 1458 2165 Prosa
1485 2132 1625 2174 siberge-

949 2189 1097 2221 gangen.
1124 2177 1225 2210 findet
1253 2178 1322 2209 sich
1350 2177 1434 2210 noch
1454 2177 1520 2209 Cic.
1540 2176 1625 2209 Phil.

951 2223 988 2260 V,
1017 2226 1067 2261 11.
1094 2225 1152 2259 25:
1180 2222 1261 2265 Epp.
1288 2222 1328 2255 ad
1354 2221 1491 2255 Brutum
1518 2223 1553 2260 11,
1572 2224 1601 2254 7.

995 2270 1208 2304 cesserimus,
1226 2268 1308 2300 iiber
1324 2267 1377 2300 die
1395 2271 1483 2300 erste
1499 2267 1622 2302 Person

948 2314 1006 2347 des
1034 2313 1143 2346 Plural
1169 2313 1236 2355 vgl.
1263 2314 1281 2354 ξ
1308 2315 1360 2345 93.
1387 2316 1438 2345 99.
1470 2316 1540 2347 107.

992 2360 1233 2391 eminentibus.
1279 2357 1454 2391 Hierunter
1477 2359 1550 2392 sind
1577 2360 1626 2392 of-

949 2404 1066 2437 senbar
1084 2404 1136 2436 die
1151 2403 1386 2446 Glanzpartien
1402 2404 1489 2437 heim
1505 2405 1625 2438 Homer

948 2460 987 2482 zu
1026 2449 1221 2485 verstehen.
1260 2448 1390 2481 welche
1424 2449 1530 2484 Horaz
1563 2450 1625 2482 Ars

949 2499 1037 2538 poet.
1059 2497 1120 2528 144
1138 2496 1294 2536 speciosa
1311 2495 1486 2527 mit-acula
1511 2499 1624 2528 nennt.

993 2539 1219 2581 aequalitate.
1245 2549 1271 2572 s.
1299 2540 1318 2581 ξ
1347 2541 1398 2572 54.
