<?xml version="1.0" encoding="UTF-8"?>
<!DOCTYPE html PUBLIC "-//W3C//DTD XHTML 1.0 Transitional//EN"
    "http://www.w3.org/TR/xhtml1/DTD/xhtml1-transitional.dtd">
<html xmlns="http://www.w3.org/1999/xhtml" xml:lang="en" lang="en">
 <head>
  <title>
</title>
<meta http-equiv="Content-Type" content="text/html;charset=utf-8" />
  <meta name='ocr-system' content='tesseract 3.04.00' />
  <meta name='ocr-capabilities' content='ocr_page ocr_carea ocr_par ocr_line ocrx_word'/>
</head>
<body>
  <div class='ocr_page' id='page_1' title='image "./deciinstitutioni00quinuoft_0077.png"; bbox 0 0 1720 2848; ppageno 0'>
   <div class='ocr_carea' id='block_1_1' title="bbox 621 110 1529 153">
    <p class='ocr_par' dir='ltr' id='par_1_1' title="bbox 621 110 1529 153">
     <span class='ocr_line' id='line_1_1' title="bbox 621 110 1529 153; baseline 0.006 -10"><span class='ocrx_word' id='word_1_1' title='bbox 621 110 762 144; x_wconf 78' lang='lat' dir='ltr'>CAPUT</span> <span class='ocrx_word' id='word_1_2' title='bbox 790 110 827 143; x_wconf 80' lang='lat' dir='ltr'>v,</span> <span class='ocrx_word' id='word_1_3' title='bbox 853 110 873 153; x_wconf 64' lang='grc' dir='ltr'><strong>ς</strong></span> <span class='ocrx_word' id='word_1_4' title='bbox 900 112 1018 145; x_wconf 81' lang='lat'>8—12.</span> <span class='ocrx_word' id='word_1_5' title='bbox 1477 110 1529 148; x_wconf 88' lang='lat'>73</span> 
     </span>
    </p>
   </div>
   <div class='ocr_carea' id='block_1_2' title="bbox 104 226 1531 1350">
    <p class='ocr_par' dir='ltr' id='par_1_2' title="bbox 109 226 1530 447">
     <span class='ocr_line' id='line_1_2' title="bbox 109 226 1530 277; baseline 0.001 -12"><span class='ocrx_word' id='word_1_6' title='bbox 109 228 241 266; x_wconf 87' lang='lat' dir='ltr'>cultas.</span> <span class='ocrx_word' id='word_1_7' title='bbox 275 227 388 273; x_wconf 84' lang='lat' dir='ltr'>Quid,</span> <span class='ocrx_word' id='word_1_8' title='bbox 407 226 509 277; x_wconf 75' lang='lat' dir='ltr'>quml</span> <span class='ocrx_word' id='word_1_9' title='bbox 527 232 706 265; x_wconf 78' lang='lat' dir='ltr'>auctores</span> <span class='ocrx_word' id='word_1_10' title='bbox 725 227 876 265; x_wconf 81' lang='lat' dir='ltr'>maximi</span> <span class='ocrx_word' id='word_1_11' title='bbox 896 227 950 265; x_wconf 83' lang='lat' dir='ltr'>sic</span> <span class='ocrx_word' id='word_1_12' title='bbox 967 227 1190 277; x_wconf 83' lang='lat' dir='ltr'>diligentius</span> <span class='ocrx_word' id='word_1_13' title='bbox 1207 228 1530 277; x_wconf 77' lang='lat' dir='ltr'>cognoscuntur?</span> 
     </span>
     <span class='ocr_line' id='line_1_3' title="bbox 109 280 1530 334; baseline 0.001 -12"><span class='ocrx_word' id='word_1_14' title='bbox 109 284 194 322; x_wconf 86' lang='lat' dir='ltr'>Non</span> <span class='ocrx_word' id='word_1_15' title='bbox 226 283 328 322; x_wconf 88' lang='lat' dir='ltr'>euim</span> <span class='ocrx_word' id='word_1_16' title='bbox 364 283 505 334; x_wconf 82' lang='lat' dir='ltr'>scripta</span> <span class='ocrx_word' id='word_1_17' title='bbox 535 283 701 322; x_wconf 85' lang='lat' dir='ltr'>lectione</span> <span class='ocrx_word' id='word_1_18' title='bbox 729 280 1199 322; x_wconf 70' lang='lat' dir='ltr'>secui-5·transcurrimus</span> <span class='ocrx_word' id='word_1_19' title='bbox 1226 284 1290 322; x_wconf 82' lang='lat' dir='ltr'>sed</span> <span class='ocrx_word' id='word_1_20' title='bbox 1321 290 1530 323; x_wconf 75' lang='lat' dir='ltr'>tractamus</span> 
     </span>
     <span class='ocr_line' id='line_1_4' title="bbox 109 339 1528 392; baseline 0 -13"><span class='ocrx_word' id='word_1_21' title='bbox 109 340 260 392; x_wconf 84' lang='lat' dir='ltr'>singula</span> <span class='ocrx_word' id='word_1_22' title='bbox 283 346 321 378; x_wconf 83' lang='lat' dir='ltr'>et</span> <span class='ocrx_word' id='word_1_23' title='bbox 342 339 561 378; x_wconf 67' lang='lat' dir='ltr'>necessario</span> <span class='ocrx_word' id='word_1_24' title='bbox 585 340 875 392; x_wconf 78' lang='lat' dir='ltr'><strong>introspicimus</strong></span> <span class='ocrx_word' id='word_1_25' title='bbox 892 347 940 386; x_wconf 80' lang='lat' dir='ltr'>et,</span> <span class='ocrx_word' id='word_1_26' title='bbox 964 347 1152 390; x_wconf 84' lang='lat' dir='ltr'>quantum</span> <span class='ocrx_word' id='word_1_27' title='bbox 1176 340 1326 378; x_wconf 82' lang='lat' dir='ltr'>virtutis</span> <span class='ocrx_word' id='word_1_28' title='bbox 1349 340 1528 383; x_wconf 83' lang='lat' dir='ltr'>habeant,</span> 
     </span>
     <span class='ocr_line' id='line_1_5' title="bbox 111 396 1310 447; baseline 0.002 -14"><span class='ocrx_word' id='word_1_29' title='bbox 111 397 165 436; x_wconf 86' lang='lat' dir='ltr'>vel</span> <span class='ocrx_word' id='word_1_30' title='bbox 189 398 261 435; x_wconf 71' lang='lat' dir='ltr'>line.</span> <span class='ocrx_word' id='word_1_31' title='bbox 283 396 367 446; x_wconf 80' lang='lat' dir='ltr'>ipso</span> <span class='ocrx_word' id='word_1_32' title='bbox 390 397 677 447; x_wconf 82' lang='lat' dir='ltr'>cugiwscimus‚</span> <span class='ocrx_word' id='word_1_33' title='bbox 702 397 804 447; x_wconf 76' lang='lat' dir='ltr'>qiiod</span> <span class='ocrx_word' id='word_1_34' title='bbox 827 396 966 435; x_wconf 88' lang='lat' dir='ltr'>imitari</span> <span class='ocrx_word' id='word_1_35' title='bbox 991 409 1067 434; x_wconf 81' lang='lat' dir='ltr'>nou</span> <span class='ocrx_word' id='word_1_36' title='bbox 1092 408 1310 447; x_wconf 84' lang='lat' dir='ltr'>possumus.</span> 
     </span>
    </p>

    <p class='ocr_par' dir='ltr' id='par_1_3' title="bbox 105 452 1531 1072">
     <span class='ocr_line' id='line_1_6' title="bbox 221 452 1530 503; baseline 0 -12"><span class='ocrx_word' id='word_1_37' title='bbox 221 453 298 491; x_wconf 88' lang='lat' dir='ltr'>Nec</span> <span class='ocrx_word' id='word_1_38' title='bbox 321 452 443 490; x_wconf 84' lang='lat' dir='ltr'>aliena</span> <span class='ocrx_word' id='word_1_39' title='bbox 466 458 613 490; x_wconf 87' lang='lat' dir='ltr'>tantum</span> <span class='ocrx_word' id='word_1_40' title='bbox 636 454 849 491; x_wconf 76' lang='lat' dir='ltr'>transferre</span> <span class='ocrx_word' id='word_1_41' title='bbox 871 453 936 491; x_wconf 86' lang='lat' dir='ltr'>sed</span> <span class='ocrx_word' id='word_1_42' title='bbox 960 453 1072 491; x_wconf 83' lang='lat' dir='ltr'>etiam</span> <span class='ocrx_word' id='word_1_43' title='bbox 1099 460 1226 491; x_wconf 83' lang='lat' dir='ltr'>nostra</span> <span class='ocrx_word' id='word_1_44' title='bbox 1245 453 1425 503; x_wconf 83' lang='lat' dir='ltr'>pluribus</span> <span class='ocrx_word' id='word_1_45' title='bbox 1447 466 1530 491; x_wconf 87' lang='lat' dir='ltr'>mo-</span> 
     </span>
     <span class='ocr_line' id='line_1_7' title="bbox 110 509 1528 560; baseline 0 -12"><span class='ocrx_word' id='word_1_46' title='bbox 110 510 166 548; x_wconf 87' lang='lat' dir='ltr'>dis</span> <span class='ocrx_word' id='word_1_47' title='bbox 189 515 353 547; x_wconf 86' lang='lat' dir='ltr'>tractare</span> <span class='ocrx_word' id='word_1_48' title='bbox 376 509 568 559; x_wconf 82' lang='lat' dir='ltr'>proderit:</span> <span class='ocrx_word' id='word_1_49' title='bbox 600 516 640 548; x_wconf 83' lang='lat' dir='ltr'>ut</span> <span class='ocrx_word' id='word_1_50' title='bbox 671 522 714 547; x_wconf 82' lang='lat' dir='ltr'>ex</span> <span class='ocrx_word' id='word_1_51' title='bbox 739 509 927 548; x_wconf 85' lang='lat' dir='ltr'>industria</span> <span class='ocrx_word' id='word_1_52' title='bbox 957 521 1156 548; x_wconf 79' lang='lat' dir='ltr'>sumamus</span> <span class='ocrx_word' id='word_1_53' title='bbox 1177 510 1392 548; x_wconf 83' lang='lat' dir='ltr'>sententias</span> <span class='ocrx_word' id='word_1_54' title='bbox 1413 522 1528 560; x_wconf 82' lang='lat' dir='ltr'>quas-</span> 
     </span>
     <span class='ocr_line' id='line_1_8' title="bbox 110 566 1528 616; baseline 0.002 -14"><span class='ocrx_word' id='word_1_55' title='bbox 110 566 194 604; x_wconf 88' lang='lat' dir='ltr'>dam</span> <span class='ocrx_word' id='word_1_56' title='bbox 224 577 364 615; x_wconf 82' lang='lat' dir='ltr'>easque</span> <span class='ocrx_word' id='word_1_57' title='bbox 388 577 586 604; x_wconf 77' lang='lat' dir='ltr'>versemus</span> <span class='ocrx_word' id='word_1_58' title='bbox 615 578 728 616; x_wconf 80' lang='lat' dir='ltr'>quam</span> <span class='ocrx_word' id='word_1_59' title='bbox 762 566 1093 611; x_wconf 76' lang='lat' dir='ltr'>numerosissime,</span> <span class='ocrx_word' id='word_1_60' title='bbox 1131 566 1231 604; x_wconf 79' lang='lat' dir='ltr'>velut</span> <span class='ocrx_word' id='word_1_61' title='bbox 1269 566 1402 605; x_wconf 87' lang='lat' dir='ltr'>eadem</span> <span class='ocrx_word' id='word_1_62' title='bbox 1440 578 1528 605; x_wconf 86' lang='lat' dir='ltr'>cera</span> 
     </span>
     <span class='ocr_line' id='line_1_9' title="bbox 108 621 1531 673; baseline 0 -13"><span class='ocrx_word' id='word_1_63' title='bbox 108 622 202 660; x_wconf 87' lang='lat' dir='ltr'>aliae</span> <span class='ocrx_word' id='word_1_64' title='bbox 223 621 395 671; x_wconf 79' lang='lat' dir='ltr'>aliaeque</span> <span class='ocrx_word' id='word_1_65' title='bbox 419 623 564 659; x_wconf 78' lang='lat' dir='ltr'>formae</span> <span class='ocrx_word' id='word_1_66' title='bbox 587 622 673 660; x_wconf 86' lang='lat' dir='ltr'>duci</span> <span class='ocrx_word' id='word_1_67' title='bbox 697 623 834 661; x_wconf 80' lang='lat' dir='ltr'>solent.</span> <span class='ocrx_word' id='word_1_68' title='bbox 878 622 1089 660; x_wconf 77' lang='lat' dir='ltr'>Plurimum</span> <span class='ocrx_word' id='word_1_69' title='bbox 1113 629 1238 660; x_wconf 86' lang='lat' dir='ltr'>autem</span> <span class='ocrx_word' id='word_1_70' title='bbox 1263 623 1387 673; x_wconf 83' lang='lat' dir='ltr'>parari</span> <span class='ocrx_word' id='word_1_71' title='bbox 1411 624 1531 662; x_wconf 84' lang='lat' dir='ltr'>facul-</span> 
     </span>
     <span class='ocr_line' id='line_1_10' title="bbox 108 677 1529 729; baseline 0.001 -13"><span class='ocrx_word' id='word_1_72' title='bbox 108 677 194 716; x_wconf 86' lang='lat' dir='ltr'>tatis</span> <span class='ocrx_word' id='word_1_73' title='bbox 223 678 400 715; x_wconf 76' lang='lat' dir='ltr'>existimo</span> <span class='ocrx_word' id='word_1_74' title='bbox 430 690 474 716; x_wconf 79' lang='lat' dir='ltr'>ex</span> <span class='ocrx_word' id='word_1_75' title='bbox 498 679 779 729; x_wconf 82' lang='lat' dir='ltr'>simplicissima</span> <span class='ocrx_word' id='word_1_76' title='bbox 810 691 962 729; x_wconf 80' lang='lat' dir='ltr'>quaque</span> <span class='ocrx_word' id='word_1_77' title='bbox 985 679 1155 716; x_wconf 88' lang='lat' dir='ltr'>materia.</span> <span class='ocrx_word' id='word_1_78' title='bbox 1197 679 1290 717; x_wconf 75' lang='lat' dir='ltr'>Nam</span> <span class='ocrx_word' id='word_1_79' title='bbox 1314 679 1375 717; x_wconf 88' lang='lat' dir='ltr'>illa</span> <span class='ocrx_word' id='word_1_80' title='bbox 1399 680 1529 718; x_wconf 90' lang='lat' dir='ltr'>multi-</span> 
     </span>
     <span class='ocr_line' id='line_1_11' title="bbox 106 734 1528 785; baseline 0.002 -14"><span class='ocrx_word' id='word_1_81' title='bbox 106 734 194 785; x_wconf 86' lang='lat' dir='ltr'>plici</span> <span class='ocrx_word' id='word_1_82' title='bbox 218 746 487 784; x_wconf 80' lang='lat' dir='ltr'>personarum,</span> <span class='ocrx_word' id='word_1_83' title='bbox 511 747 726 780; x_wconf 72' lang='lat' dir='ltr'>causarum,</span> <span class='ocrx_word' id='word_1_84' title='bbox 750 742 983 785; x_wconf 78' lang='lat' dir='ltr'>temporum,</span> <span class='ocrx_word' id='word_1_85' title='bbox 1007 735 1197 781; x_wconf 87' lang='lat' dir='ltr'>locorum,</span> <span class='ocrx_word' id='word_1_86' title='bbox 1219 736 1425 782; x_wconf 75' lang='lat' dir='ltr'>dictorum,</span> <span class='ocrx_word' id='word_1_87' title='bbox 1450 738 1528 774; x_wconf 85' lang='lat' dir='ltr'>sac-</span> 
     </span>
     <span class='ocr_line' id='line_1_12' title="bbox 106 790 1529 843; baseline 0 -14"><span class='ocrx_word' id='word_1_88' title='bbox 106 797 234 829; x_wconf 87' lang='lat' dir='ltr'>torum</span> <span class='ocrx_word' id='word_1_89' title='bbox 264 790 480 829; x_wconf 81' lang='lat' dir='ltr'>diversitate</span> <span class='ocrx_word' id='word_1_90' title='bbox 512 791 621 829; x_wconf 84' lang='lat' dir='ltr'>facile</span> <span class='ocrx_word' id='word_1_91' title='bbox 651 791 847 830; x_wconf 78' lang='lat' dir='ltr'>delitescet</span> <span class='ocrx_word' id='word_1_92' title='bbox 879 791 1094 836; x_wconf 78' lang='lat' dir='ltr'>infirmitas,</span> <span class='ocrx_word' id='word_1_93' title='bbox 1125 798 1180 829; x_wconf 79' lang='lat' dir='ltr'>tot</span> <span class='ocrx_word' id='word_1_94' title='bbox 1201 804 1242 830; x_wconf 79' lang='lat' dir='ltr'>se</span> <span class='ocrx_word' id='word_1_95' title='bbox 1273 792 1444 843; x_wconf 81' lang='lat' dir='ltr'>undique</span> <span class='ocrx_word' id='word_1_96' title='bbox 1468 804 1529 830; x_wconf 79' lang='lat' dir='ltr'>re-</span> 
     </span>
     <span class='ocr_line' id='line_1_13' title="bbox 106 846 1530 898; baseline 0.001 -13"><span class='ocrx_word' id='word_1_97' title='bbox 106 846 191 893; x_wconf 78' lang='lat' dir='ltr'>bus,</span> <span class='ocrx_word' id='word_1_98' title='bbox 214 859 259 885; x_wconf 80' lang='lat' dir='ltr'>ex</span> <span class='ocrx_word' id='word_1_99' title='bbox 283 846 422 897; x_wconf 84' lang='lat' dir='ltr'>quibus</span> <span class='ocrx_word' id='word_1_100' title='bbox 443 846 611 896; x_wconf 81' lang='lat' dir='ltr'>aliquam</span> <span class='ocrx_word' id='word_1_101' title='bbox 636 847 917 898; x_wconf 82' lang='lat' dir='ltr'>adprehendas,</span> <span class='ocrx_word' id='word_1_102' title='bbox 941 847 1209 886; x_wconf 76' lang='lat' dir='ltr'>offerentibus.</span> <span class='ocrx_word' id='word_1_103' title='bbox 1259 847 1355 886; x_wconf 91' lang='lat' dir='ltr'>lllud</span> <span class='ocrx_word' id='word_1_104' title='bbox 1377 849 1530 887; x_wconf 84' lang='lat' dir='ltr'>virtutis</span> 
     </span>
     <span class='ocr_line' id='line_1_14' title="bbox 105 903 1526 956; baseline 0 -14"><span class='ocrx_word' id='word_1_105' title='bbox 105 903 289 942; x_wconf 86' lang='lat' dir='ltr'>indicium</span> <span class='ocrx_word' id='word_1_106' title='bbox 319 908 386 948; x_wconf 77' lang='lat' dir='ltr'>est,</span> <span class='ocrx_word' id='word_1_107' title='bbox 418 903 581 941; x_wconf 75' lang='lat' dir='ltr'>sundere</span> <span class='ocrx_word' id='word_1_108' title='bbox 603 916 701 954; x_wconf 85' lang='lat' dir='ltr'>quae</span> <span class='ocrx_word' id='word_1_109' title='bbox 724 909 858 942; x_wconf 81' lang='lat' dir='ltr'>natura</span> <span class='ocrx_word' id='word_1_110' title='bbox 881 909 1081 942; x_wconf 83' lang='lat' dir='ltr'>contracta</span> <span class='ocrx_word' id='word_1_111' title='bbox 1102 911 1206 950; x_wconf 82' lang='lat' dir='ltr'>sunt,</span> <span class='ocrx_word' id='word_1_112' title='bbox 1236 916 1378 953; x_wconf 71' lang='lat' dir='ltr'>augere</span> <span class='ocrx_word' id='word_1_113' title='bbox 1400 917 1526 956; x_wconf 74' lang='lat' dir='ltr'>parva,</span> 
     </span>
     <span class='ocr_line' id='line_1_15' title="bbox 105 959 1527 1011; baseline 0.001 -13"><span class='ocrx_word' id='word_1_114' title='bbox 105 959 323 998; x_wconf 86' lang='lat' dir='ltr'>varietatem</span> <span class='ocrx_word' id='word_1_115' title='bbox 353 959 555 1005; x_wconf 80' lang='lat' dir='ltr'>similibus,</span> <span class='ocrx_word' id='word_1_116' title='bbox 593 960 826 1011; x_wconf 83' lang='lat' dir='ltr'>voluptatem</span> <span class='ocrx_word' id='word_1_117' title='bbox 860 960 1046 1010; x_wconf 81' lang='lat' dir='ltr'>expositis</span> <span class='ocrx_word' id='word_1_118' title='bbox 1075 960 1164 999; x_wconf 82' lang='lat' dir='ltr'>dare</span> <span class='ocrx_word' id='word_1_119' title='bbox 1195 967 1232 998; x_wconf 86' lang='lat' dir='ltr'>et</span> <span class='ocrx_word' id='word_1_120' title='bbox 1264 960 1365 1000; x_wconf 87' lang='lat' dir='ltr'>bene</span> <span class='ocrx_word' id='word_1_121' title='bbox 1398 962 1527 1001; x_wconf 81' lang='lat' dir='ltr'><strong>dicere</strong></span> 
     </span>
     <span class='ocr_line' id='line_1_16' title="bbox 106 1015 951 1072; baseline -0.002 -18"><span class='ocrx_word' id='word_1_122' title='bbox 106 1015 224 1054; x_wconf 83' lang='lat' dir='ltr'>multa</span> <span class='ocrx_word' id='word_1_123' title='bbox 247 1016 293 1055; x_wconf 79' lang='lat' dir='ltr'>(le</span> <span class='ocrx_word' id='word_1_124' title='bbox 316 1016 462 1066; x_wconf 80' lang='lat' dir='ltr'>paucis.</span> <span class='ocrx_word' id='word_1_125' title='bbox 745 1031 756 1072; x_wconf 61' lang='grc' dir='ltr'><strong>ἶ</strong></span> <span class='ocrx_word' id='word_1_126' title='bbox 876 1021 951 1067; x_wconf 52' lang='lat' dir='ltr'>„ss</span> 
     </span>
    </p>

    <p class='ocr_par' dir='ltr' id='par_1_4' title="bbox 104 1071 1529 1350">
     <span class='ocr_line' id='line_1_17' title="bbox 218 1071 1527 1124; baseline 0.002 -14"><span class='ocrx_word' id='word_1_127' title='bbox 218 1072 260 1110; x_wconf 87' lang='lat' dir='ltr'>lu</span> <span class='ocrx_word' id='word_1_128' title='bbox 301 1072 373 1110; x_wconf 82' lang='lat' dir='ltr'>lioc</span> <span class='ocrx_word' id='word_1_129' title='bbox 409 1071 554 1123; x_wconf 82' lang='lat' dir='ltr'>optime</span> <span class='ocrx_word' id='word_1_130' title='bbox 585 1072 727 1110; x_wconf 82' lang='lat' dir='ltr'>sacient</span> <span class='ocrx_word' id='word_1_131' title='bbox 763 1073 937 1111; x_wconf 81' lang='lat' dir='ltr'>intii&#39;tae</span> <span class='ocrx_word' id='word_1_132' title='bbox 968 1073 1230 1123; x_wconf 52' lang='lat' dir='ltr'>quaestiones5</span> <span class='ocrx_word' id='word_1_133' title='bbox 1268 1086 1362 1124; x_wconf 82' lang='lat' dir='ltr'>quas</span> <span class='ocrx_word' id='word_1_134' title='bbox 1399 1075 1527 1113; x_wconf 77' lang='lat' dir='ltr'>vocari</span> 
     </span>
     <span class='ocr_line' id='line_1_18' title="bbox 104 1128 1527 1180; baseline 0.002 -13"><span class='ocrx_word' id='word_1_135' title='bbox 104 1129 224 1167; x_wconf 82' lang='lat' dir='ltr'>thesis</span> <span class='ocrx_word' id='word_1_136' title='bbox 245 1128 430 1173; x_wconf 80' lang='lat' dir='ltr'>diximus,</span> <span class='ocrx_word' id='word_1_137' title='bbox 461 1128 602 1179; x_wconf 85' lang='lat' dir='ltr'>quibus</span> <span class='ocrx_word' id='word_1_138' title='bbox 632 1128 766 1168; x_wconf 83' lang='lat' dir='ltr'>Cicero</span> <span class='ocrx_word' id='word_1_139' title='bbox 795 1129 867 1167; x_wconf 90' lang='lat' dir='ltr'>iam</span> <span class='ocrx_word' id='word_1_140' title='bbox 901 1129 1085 1180; x_wconf 79' lang='lat' dir='ltr'>princeps</span> <span class='ocrx_word' id='word_1_141' title='bbox 1113 1129 1151 1168; x_wconf 88' lang='lat' dir='ltr'>in</span> <span class='ocrx_word' id='word_1_142' title='bbox 1185 1130 1383 1180; x_wconf 81' lang='lat' dir='ltr'>republica</span> <span class='ocrx_word' id='word_1_143' title='bbox 1415 1143 1527 1170; x_wconf 76' lang='lat' dir='ltr'>exer-</span> 
     </span>
     <span class='ocr_line' id='line_1_19' title="bbox 107 1172 1529 1225; baseline 0.001 -1"><span class='ocrx_word' id='word_1_144' title='bbox 107 1186 185 1224; x_wconf 87' lang='lat' dir='ltr'>ceri</span> <span class='ocrx_word' id='word_1_145' title='bbox 208 1185 368 1223; x_wconf 79' lang='lat' dir='ltr'>sulebat.</span> <span class='ocrx_word' id='word_1_146' title='bbox 411 1185 479 1223; x_wconf 83' lang='lat' dir='ltr'>His</span> <span class='ocrx_word' id='word_1_147' title='bbox 501 1172 674 1224; x_wconf 58' lang='lat' dir='ltr'>coiffiffis‘</span> <span class='ocrx_word' id='word_1_148' title='bbox 699 1192 752 1224; x_wconf 84' lang='lat' dir='ltr'>est</span> <span class='ocrx_word' id='word_1_149' title='bbox 786 1185 996 1224; x_wconf 74' lang='lat' dir='ltr'>destructio</span> <span class='ocrx_word' id='word_1_150' title='bbox 1027 1192 1063 1224; x_wconf 88' lang='lat' dir='ltr'>et</span> <span class='ocrx_word' id='word_1_151' title='bbox 1093 1186 1338 1225; x_wconf 82' lang='lat' dir='ltr'>confirmatio</span> <span class='ocrx_word' id='word_1_152' title='bbox 1368 1200 1435 1225; x_wconf 87' lang='lat' dir='ltr'>seu</span> <span class='ocrx_word' id='word_1_153' title='bbox 1513 1209 1529 1215; x_wconf 96' lang='lat'>-</span> 
     </span>
     <span class='ocr_line' id='line_1_20' title="bbox 104 1229 1529 1295; baseline 0.002 -16"><span class='ocrx_word' id='word_1_154' title='bbox 104 1242 256 1280; x_wconf 79' lang='lat' dir='ltr'>tiarum.</span> <span class='ocrx_word' id='word_1_155' title='bbox 293 1241 387 1280; x_wconf 87' lang='lat' dir='ltr'>Nam</span> <span class='ocrx_word' id='word_1_156' title='bbox 407 1254 494 1280; x_wconf 85' lang='lat' dir='ltr'>cum</span> <span class='ocrx_word' id='word_1_157' title='bbox 511 1242 557 1280; x_wconf 88' lang='lat' dir='ltr'>sit</span> <span class='ocrx_word' id='word_1_158' title='bbox 575 1242 768 1280; x_wconf 84' lang='lat' dir='ltr'>sententia</span> <span class='ocrx_word' id='word_1_159' title='bbox 786 1242 983 1280; x_wconf 86' lang='lat' dir='ltr'>decretum</span> <span class='ocrx_word' id='word_1_160' title='bbox 1002 1243 1194 1293; x_wconf 76' lang='lat' dir='ltr'>quoddam</span> <span class='ocrx_word' id='word_1_161' title='bbox 1212 1249 1325 1294; x_wconf 83' lang='lat' dir='ltr'>atque</span> <span class='ocrx_word' id='word_1_162' title='bbox 1343 1229 1529 1295; x_wconf 59' lang='lat' dir='ltr'>pstfecep-</span> 
     </span>
     <span class='ocr_line' id='line_1_21' title="bbox 106 1298 1528 1350; baseline 0.001 -13"><span class='ocrx_word' id='word_1_163' title='bbox 106 1304 206 1337; x_wconf 88' lang='lat' dir='ltr'>tum:</span> <span class='ocrx_word' id='word_1_164' title='bbox 237 1298 340 1349; x_wconf 74' lang='lat' dir='ltr'>quod</span> <span class='ocrx_word' id='word_1_165' title='bbox 379 1298 425 1337; x_wconf 88' lang='lat' dir='ltr'>de</span> <span class='ocrx_word' id='word_1_166' title='bbox 454 1310 495 1336; x_wconf 87' lang='lat' dir='ltr'>re</span> <span class='ocrx_word' id='word_1_167' title='bbox 525 1298 623 1337; x_wconf 88' lang='lat' dir='ltr'>idem</span> <span class='ocrx_word' id='word_1_168' title='bbox 655 1299 700 1337; x_wconf 84' lang='lat' dir='ltr'>de</span> <span class='ocrx_word' id='word_1_169' title='bbox 729 1299 870 1338; x_wconf 84' lang='lat' dir='ltr'>iudicio</span> <span class='ocrx_word' id='word_1_170' title='bbox 900 1299 954 1337; x_wconf 84' lang='lat' dir='ltr'>rei</span> <span class='ocrx_word' id='word_1_171' title='bbox 979 1299 1110 1349; x_wconf 86' lang='lat' dir='ltr'>quaeri</span> <span class='ocrx_word' id='word_1_172' title='bbox 1142 1306 1282 1350; x_wconf 80' lang='lat' dir='ltr'>potest.</span> <span class='ocrx_word' id='word_1_173' title='bbox 1324 1299 1422 1338; x_wconf 89' lang='lat' dir='ltr'>Tum</span> <span class='ocrx_word' id='word_1_174' title='bbox 1455 1301 1528 1339; x_wconf 89' lang='lat' dir='ltr'>loci</span> 
     </span>
    </p>
   </div>
   <div class='ocr_carea' id='block_1_3' title="bbox 99 1375 784 2591">
    <p class='ocr_par' dir='ltr' id='par_1_5' title="bbox 104 1375 784 1460">
     <span class='ocr_line' id='line_1_22' title="bbox 104 1375 784 1417; baseline 0 -10"><span class='ocrx_word' id='word_1_175' title='bbox 104 1377 245 1407; x_wconf 71' lang='lat' dir='ltr'>racione</span> <span class='ocrx_word' id='word_1_176' title='bbox 264 1385 339 1407; x_wconf 78' lang='lat' dir='ltr'>eum</span> <span class='ocrx_word' id='word_1_177' title='bbox 358 1375 478 1417; x_wconf 79' lang='lat' dir='ltr'>aliqua</span> <span class='ocrx_word' id='word_1_178' title='bbox 498 1376 639 1408; x_wconf 72' lang='lat' dir='ltr'>dicende*</span> <span class='ocrx_word' id='word_1_179' title='bbox 654 1377 784 1407; x_wconf 79' lang='lat' dir='ltr'>virtute</span> 
     </span>
     <span class='ocr_line' id='line_1_23' title="bbox 105 1420 316 1460; baseline 0.005 -9"><span class='ocrx_word' id='word_1_180' title='bbox 105 1420 316 1460; x_wconf 77' lang='lat' dir='ltr'>deflectitur.</span> 
     </span>
    </p>

    <p class='ocr_par' dir='ltr' id='par_1_6' title="bbox 151 1467 543 1506">
     <span class='ocr_line' id='line_1_24' title="bbox 151 1467 543 1506; baseline 0.005 -10"><span class='ocrx_word' id='word_1_181' title='bbox 151 1467 356 1506; x_wconf 77' lang='lat' dir='ltr'>tractamus,</span> <span class='ocrx_word' id='word_1_182' title='bbox 381 1476 406 1498; x_wconf 90' lang='lat' dir='ltr'>s.</span> <span class='ocrx_word' id='word_1_183' title='bbox 436 1468 464 1506; x_wconf 82' lang='lat'>1,</span> <span class='ocrx_word' id='word_1_184' title='bbox 495 1467 543 1498; x_wconf 88' lang='grc'>19.</span> 
     </span>
    </p>

    <p class='ocr_par' dir='ltr' id='par_1_7' title="bbox 103 1510 782 1777">
     <span class='ocr_line' id='line_1_25' title="bbox 150 1510 780 1552; baseline 0 -10"><span class='ocrx_word' id='word_1_185' title='bbox 150 1511 180 1543; x_wconf 85' lang='grc'>9.</span> <span class='ocrx_word' id='word_1_186' title='bbox 207 1510 300 1542; x_wconf 78' lang='lat' dir='ltr'>aliae</span> <span class='ocrx_word' id='word_1_187' title='bbox 319 1511 490 1552; x_wconf 75' lang='lat' dir='ltr'>aliaeque,</span> <span class='ocrx_word' id='word_1_188' title='bbox 516 1510 621 1543; x_wconf 80' lang='lat' dir='ltr'>findet</span> <span class='ocrx_word' id='word_1_189' title='bbox 638 1510 709 1543; x_wconf 81' lang='lat' dir='ltr'>sich</span> <span class='ocrx_word' id='word_1_190' title='bbox 728 1511 780 1543; x_wconf 91' lang='lat' dir='ltr'>bei</span> 
     </span>
     <span class='ocr_line' id='line_1_26' title="bbox 105 1554 782 1594; baseline 0 -6"><span class='ocrx_word' id='word_1_191' title='bbox 105 1554 216 1594; x_wconf 81' lang='lat' dir='ltr'>Quint.</span> <span class='ocrx_word' id='word_1_192' title='bbox 227 1565 288 1588; x_wconf 91' lang='lat' dir='ltr'>nur</span> <span class='ocrx_word' id='word_1_193' title='bbox 302 1556 372 1589; x_wconf 86' lang='lat' dir='ltr'>hier</span> <span class='ocrx_word' id='word_1_194' title='bbox 385 1559 468 1588; x_wconf 83' lang='lat' dir='ltr'>statt</span> <span class='ocrx_word' id='word_1_195' title='bbox 482 1555 541 1589; x_wconf 88' lang='lat' dir='ltr'>des</span> <span class='ocrx_word' id='word_1_196' title='bbox 556 1556 609 1588; x_wconf 87' lang='lat' dir='ltr'>bei</span> <span class='ocrx_word' id='word_1_197' title='bbox 624 1556 692 1588; x_wconf 83' lang='lat' dir='ltr'>ilim</span> <span class='ocrx_word' id='word_1_198' title='bbox 703 1556 782 1589; x_wconf 67' lang='lat' dir='ltr'>selu*</span> 
     </span>
     <span class='ocr_line' id='line_1_27' title="bbox 105 1600 780 1643; baseline 0.001 -10"><span class='ocrx_word' id='word_1_199' title='bbox 105 1600 365 1642; x_wconf 72' lang='lat' dir='ltr'>gewfihuliclien</span> <span class='ocrx_word' id='word_1_200' title='bbox 383 1601 476 1633; x_wconf 86' lang='lat' dir='ltr'>aliae</span> <span class='ocrx_word' id='word_1_201' title='bbox 493 1604 598 1643; x_wconf 78' lang='lat' dir='ltr'>atque</span> <span class='ocrx_word' id='word_1_202' title='bbox 615 1601 719 1642; x_wconf 78' lang='lat' dir='ltr'>aliae,</span> <span class='ocrx_word' id='word_1_203' title='bbox 736 1601 780 1634; x_wconf 79' lang='lat' dir='ltr'>ist</span> 
     </span>
     <span class='ocr_line' id='line_1_28' title="bbox 105 1645 780 1689; baseline 0.001 -12"><span class='ocrx_word' id='word_1_204' title='bbox 105 1645 184 1678; x_wconf 84' lang='lat' dir='ltr'>aber</span> <span class='ocrx_word' id='word_1_205' title='bbox 209 1646 300 1678; x_wconf 87' lang='lat' dir='ltr'>nicht</span> <span class='ocrx_word' id='word_1_206' title='bbox 325 1646 578 1689; x_wconf 84' lang='lat' dir='ltr'>sprachwidrig‚</span> <span class='ocrx_word' id='word_1_207' title='bbox 603 1646 670 1688; x_wconf 76' lang='lat' dir='ltr'>rgl.</span> <span class='ocrx_word' id='word_1_208' title='bbox 694 1646 780 1679; x_wconf 88' lang='lat' dir='ltr'>Cels.</span> 
     </span>
     <span class='ocr_line' id='line_1_29' title="bbox 103 1690 781 1732; baseline 0 -9"><span class='ocrx_word' id='word_1_209' title='bbox 103 1690 153 1731; x_wconf 86' lang='lat' dir='ltr'>Ill,</span> <span class='ocrx_word' id='word_1_210' title='bbox 178 1694 209 1732; x_wconf 87' lang='lat'>3,</span> <span class='ocrx_word' id='word_1_211' title='bbox 235 1695 316 1724; x_wconf 86' lang='lat' dir='ltr'>extr.</span> <span class='ocrx_word' id='word_1_212' title='bbox 343 1691 459 1730; x_wconf 73' lang='lat' dir='ltr'>febres</span> <span class='ocrx_word' id='word_1_213' title='bbox 482 1710 525 1715; x_wconf 86' lang='lat'>-—</span> <span class='ocrx_word' id='word_1_214' title='bbox 557 1691 649 1723; x_wconf 75' lang='lat' dir='ltr'>aliae</span> <span class='ocrx_word' id='word_1_215' title='bbox 674 1692 781 1724; x_wconf 80' lang='lat' dir='ltr'>aliae-</span> 
     </span>
     <span class='ocr_line' id='line_1_30' title="bbox 105 1737 544 1777; baseline 0.002 -9"><span class='ocrx_word' id='word_1_216' title='bbox 105 1746 170 1777; x_wconf 83' lang='lat' dir='ltr'>que</span> <span class='ocrx_word' id='word_1_217' title='bbox 193 1737 339 1768; x_wconf 80' lang='lat' dir='ltr'>subinde</span> <span class='ocrx_word' id='word_1_218' title='bbox 364 1739 544 1769; x_wconf 70' lang='lat' dir='ltr'>oriuntur.</span> 
     </span>
    </p>

    <p class='ocr_par' dir='ltr' id='par_1_8' title="bbox 103 1781 782 1903">
     <span class='ocr_line' id='line_1_31' title="bbox 149 1781 782 1823; baseline 0.003 -11"><span class='ocrx_word' id='word_1_219' title='bbox 149 1781 242 1820; x_wconf 79' lang='lat' dir='ltr'>duci,</span> <span class='ocrx_word' id='word_1_220' title='bbox 266 1781 334 1823; x_wconf 85' lang='lat' dir='ltr'>vgl.</span> <span class='ocrx_word' id='word_1_221' title='bbox 360 1783 391 1823; x_wconf 87' lang='lat'>3,</span> <span class='ocrx_word' id='word_1_222' title='bbox 419 1783 469 1816; x_wconf 85' lang='lat'>18.</span> <span class='ocrx_word' id='word_1_223' title='bbox 494 1782 531 1822; x_wconf 82' lang='lat'>11,</span> <span class='ocrx_word' id='word_1_224' title='bbox 549 1784 581 1822; x_wconf 89' lang='lat'>4,</span> <span class='ocrx_word' id='word_1_225' title='bbox 602 1784 638 1814; x_wconf 73' lang='grc' dir='ltr'>’ἵε</span> <span class='ocrx_word' id='word_1_226' title='bbox 663 1783 782 1814; x_wconf 75' lang='lat' dir='ltr'>sinon</span> 
     </span>
     <span class='ocr_line' id='line_1_32' title="bbox 103 1826 781 1859; baseline 0.003 -2"><span class='ocrx_word' id='word_1_227' title='bbox 103 1827 147 1857; x_wconf 87' lang='lat' dir='ltr'>ab</span> <span class='ocrx_word' id='word_1_228' title='bbox 165 1827 270 1858; x_wconf 78' lang='lat' dir='ltr'>initio</span> <span class='ocrx_word' id='word_1_229' title='bbox 290 1829 427 1858; x_wconf 80' lang='lat' dir='ltr'>tenuem</span> <span class='ocrx_word' id='word_1_230' title='bbox 444 1829 591 1859; x_wconf 77' lang='lat' dir='ltr'>nimium</span> <span class='ocrx_word' id='word_1_231' title='bbox 615 1826 781 1859; x_wconf 81' lang='lat' dir='ltr'>laminam</span> 
     </span>
     <span class='ocr_line' id='line_1_33' title="bbox 106 1871 323 1903; baseline 0 0"><span class='ocrx_word' id='word_1_232' title='bbox 106 1871 323 1903; x_wconf 60' lang='lat' dir='ltr'>ducem-Imus.</span> 
     </span>
    </p>

    <p class='ocr_par' dir='ltr' id='par_1_9' title="bbox 99 1912 783 2224">
     <span class='ocr_line' id='line_1_34' title="bbox 146 1912 781 1958; baseline 0 -10"><span class='ocrx_word' id='word_1_233' title='bbox 146 1919 156 1948; x_wconf 85' lang='lat' dir='ltr'>t</span> <span class='ocrx_word' id='word_1_234' title='bbox 169 1918 195 1948; x_wconf 91' lang='lat'>1.</span> <span class='ocrx_word' id='word_1_235' title='bbox 207 1912 781 1958; x_wconf 48' lang='lat' dir='ltr'>emposite&#39;s,‘gew6hnlicl1&#39;fall[iig-</span> 
     </span>
     <span class='ocr_line' id='line_1_35' title="bbox 104 1958 780 2004; baseline 0.003 -12"><span class='ocrx_word' id='word_1_236' title='bbox 104 1958 192 1993; x_wconf 84' lang='lat' dir='ltr'>lich‘:</span> <span class='ocrx_word' id='word_1_237' title='bbox 212 1961 244 1993; x_wconf 89' lang='lat' dir='ltr'>iu</span> <span class='ocrx_word' id='word_1_238' title='bbox 263 1961 372 1994; x_wconf 84' lang='lat' dir='ltr'>dieser</span> <span class='ocrx_word' id='word_1_239' title='bbox 389 1961 588 2004; x_wconf 83' lang='lat' dir='ltr'>Bedeutung</span> <span class='ocrx_word' id='word_1_240' title='bbox 605 1961 708 1994; x_wconf 63' lang='lat' dir='ltr'>&amp;flers</span> <span class='ocrx_word' id='word_1_241' title='bbox 727 1961 780 1994; x_wconf 87' lang='lat' dir='ltr'>hei</span> 
     </span>
     <span class='ocr_line' id='line_1_36' title="bbox 105 2004 780 2048; baseline 0.003 -10"><span class='ocrx_word' id='word_1_242' title='bbox 105 2004 287 2048; x_wconf 60' lang='lat' dir='ltr'>Spfiterem</span> <span class='ocrx_word' id='word_1_243' title='bbox 309 2016 346 2039; x_wconf 89' lang='lat' dir='ltr'>so</span> <span class='ocrx_word' id='word_1_244' title='bbox 368 2006 481 2040; x_wconf 86' lang='lat' dir='ltr'>luven.</span> <span class='ocrx_word' id='word_1_245' title='bbox 498 2005 567 2039; x_wconf 86' lang='lat' dir='ltr'>Sat.</span> <span class='ocrx_word' id='word_1_246' title='bbox 582 2009 613 2045; x_wconf 74' lang='grc' dir='ltr'>Ἴ,</span> <span class='ocrx_word' id='word_1_247' title='bbox 629 2008 780 2040; x_wconf 81' lang='lat'>53—55:</span> 
     </span>
     <span class='ocr_line' id='line_1_37' title="bbox 104 2051 783 2094; baseline 0 -11"><span class='ocrx_word' id='word_1_248' title='bbox 104 2051 175 2084; x_wconf 86' lang='lat' dir='ltr'>Sed</span> <span class='ocrx_word' id='word_1_249' title='bbox 196 2055 308 2083; x_wconf 77' lang='lat' dir='ltr'>vatem</span> <span class='ocrx_word' id='word_1_250' title='bbox 334 2053 534 2094; x_wconf 77' lang='lat' dir='ltr'>egregium,</span> <span class='ocrx_word' id='word_1_251' title='bbox 560 2053 619 2084; x_wconf 76' lang='lat' dir='ltr'>eui</span> <span class='ocrx_word' id='word_1_252' title='bbox 641 2062 712 2084; x_wconf 84' lang='lat' dir='ltr'>non</span> <span class='ocrx_word' id='word_1_253' title='bbox 735 2054 783 2084; x_wconf 83' lang='lat' dir='ltr'>sit</span> 
     </span>
     <span class='ocr_line' id='line_1_38' title="bbox 99 2096 781 2139; baseline 0.001 -11"><span class='ocrx_word' id='word_1_254' title='bbox 99 2096 245 2138; x_wconf 77' lang='lat' dir='ltr'>publiea</span> <span class='ocrx_word' id='word_1_255' title='bbox 265 2107 361 2137; x_wconf 80' lang='lat' dir='ltr'>vena,</span> <span class='ocrx_word' id='word_1_256' title='bbox 388 2097 456 2138; x_wconf 79' lang='lat' dir='ltr'>Qui</span> <span class='ocrx_word' id='word_1_257' title='bbox 472 2097 565 2129; x_wconf 75' lang='lat' dir='ltr'><em>nihil</em></span> <span class='ocrx_word' id='word_1_258' title='bbox 583 2098 781 2139; x_wconf 74' lang='lat' dir='ltr'>expositum</span> 
     </span>
     <span class='ocr_line' id='line_1_39' title="bbox 102 2141 782 2184; baseline 0 -11"><span class='ocrx_word' id='word_1_259' title='bbox 102 2141 215 2174; x_wconf 81' lang='lat' dir='ltr'>soleat</span> <span class='ocrx_word' id='word_1_260' title='bbox 232 2141 410 2183; x_wconf 79' lang='lat' dir='ltr'>deducere,</span> <span class='ocrx_word' id='word_1_261' title='bbox 435 2153 498 2175; x_wconf 85' lang='lat' dir='ltr'>nec</span> <span class='ocrx_word' id='word_1_262' title='bbox 519 2143 581 2184; x_wconf 78' lang='lat' dir='ltr'>qui</span> <span class='ocrx_word' id='word_1_263' title='bbox 599 2142 782 2175; x_wconf 74' lang='lat' dir='ltr'>Communi</span> 
     </span>
     <span class='ocr_line' id='line_1_40' title="bbox 102 2184 716 2224; baseline 0.003 -6"><span class='ocrx_word' id='word_1_264' title='bbox 102 2184 212 2224; x_wconf 73' lang='lat' dir='ltr'>feriat</span> <span class='ocrx_word' id='word_1_265' title='bbox 235 2197 376 2220; x_wconf 82' lang='lat' dir='ltr'>carmen</span> <span class='ocrx_word' id='word_1_266' title='bbox 401 2188 541 2220; x_wconf 79' lang='lat' dir='ltr'>triviale</span> <span class='ocrx_word' id='word_1_267' title='bbox 564 2190 716 2220; x_wconf 85' lang='lat' dir='ltr'>moneta.</span> 
     </span>
    </p>

    <p class='ocr_par' dir='ltr' id='par_1_10' title="bbox 105 2232 780 2320">
     <span class='ocr_line' id='line_1_41' title="bbox 148 2232 780 2275; baseline 0.003 -12"><span class='ocrx_word' id='word_1_268' title='bbox 148 2232 186 2263; x_wconf 81' lang='lat' dir='ltr'>in</span> <span class='ocrx_word' id='word_1_269' title='bbox 226 2233 311 2275; x_wconf 62' lang='grc' dir='ltr'><em>Ιιοο,</em></span> <span class='ocrx_word' id='word_1_270' title='bbox 351 2242 410 2266; x_wconf 89' lang='lat' dir='ltr'>zur</span> <span class='ocrx_word' id='word_1_271' title='bbox 445 2232 683 2275; x_wconf 84' lang='lat' dir='ltr'>Bezeichnung</span> <span class='ocrx_word' id='word_1_272' title='bbox 722 2233 780 2266; x_wconf 90' lang='lat' dir='ltr'>des</span> 
     </span>
     <span class='ocr_line' id='line_1_42' title="bbox 105 2275 734 2320; baseline 0.005 -12"><span class='ocrx_word' id='word_1_273' title='bbox 105 2275 267 2310; x_wconf 82' lang='lat' dir='ltr'>Zweckes</span> <span class='ocrx_word' id='word_1_274' title='bbox 291 2277 372 2310; x_wconf 88' lang='lat' dir='ltr'>oder</span> <span class='ocrx_word' id='word_1_275' title='bbox 396 2277 520 2316; x_wconf 86' lang='lat' dir='ltr'>Zieles;</span> <span class='ocrx_word' id='word_1_276' title='bbox 551 2277 620 2320; x_wconf 78' lang='lat' dir='ltr'>vgl.</span> <span class='ocrx_word' id='word_1_277' title='bbox 646 2279 676 2318; x_wconf 86' lang='lat'>2,</span> <span class='ocrx_word' id='word_1_278' title='bbox 703 2280 734 2311; x_wconf 83' lang='lat'>5.</span> 
     </span>
    </p>

    <p class='ocr_par' dir='ltr' id='par_1_11' title="bbox 104 2321 782 2591">
     <span class='ocr_line' id='line_1_43' title="bbox 148 2321 778 2365; baseline 0.006 -12"><span class='ocrx_word' id='word_1_279' title='bbox 148 2321 358 2361; x_wconf 75' lang='lat' dir='ltr'>infinitae—</span> <span class='ocrx_word' id='word_1_280' title='bbox 368 2323 534 2357; x_wconf 71' lang='lat' dir='ltr'>dim&#39;mus.</span> <span class='ocrx_word' id='word_1_281' title='bbox 552 2323 621 2365; x_wconf 71' lang='lat' dir='ltr'>vgl.</span> <span class='ocrx_word' id='word_1_282' title='bbox 635 2322 685 2364; x_wconf 89' lang='lat'>111,</span> <span class='ocrx_word' id='word_1_283' title='bbox 700 2326 730 2363; x_wconf 83' lang='lat'>5,</span> <span class='ocrx_word' id='word_1_284' title='bbox 743 2326 778 2357; x_wconf 90' lang='lat'>5:</span> 
     </span>
     <span class='ocr_line' id='line_1_44' title="bbox 106 2366 776 2410; baseline 0.004 -13"><span class='ocrx_word' id='word_1_285' title='bbox 106 2366 272 2406; x_wconf 77' lang='lat' dir='ltr'>Infinitae</span> <span class='ocrx_word' id='word_1_286' title='bbox 286 2371 377 2409; x_wconf 79' lang='lat' dir='ltr'>sunl,</span> <span class='ocrx_word' id='word_1_287' title='bbox 403 2379 490 2410; x_wconf 86' lang='lat' dir='ltr'>quae</span> <span class='ocrx_word' id='word_1_288' title='bbox 503 2369 647 2400; x_wconf 80' lang='lat' dir='ltr'>remotis</span> <span class='ocrx_word' id='word_1_289' title='bbox 661 2378 776 2410; x_wconf 76' lang='lat' dir='ltr'>perso-</span> 
     </span>
     <span class='ocr_line' id='line_1_45' title="bbox 104 2412 782 2456; baseline 0.006 -14"><span class='ocrx_word' id='word_1_290' title='bbox 104 2412 160 2443; x_wconf 82' lang='lat' dir='ltr'>nis</span> <span class='ocrx_word' id='word_1_291' title='bbox 173 2413 206 2443; x_wconf 86' lang='lat' dir='ltr'>et</span> <span class='ocrx_word' id='word_1_292' title='bbox 220 2414 429 2454; x_wconf 76' lang='lat' dir='ltr'>temporibus</span> <span class='ocrx_word' id='word_1_293' title='bbox 444 2417 476 2445; x_wconf 88' lang='lat' dir='ltr'>et</span> <span class='ocrx_word' id='word_1_294' title='bbox 491 2414 576 2446; x_wconf 79' lang='lat' dir='ltr'>Iocis</span> <span class='ocrx_word' id='word_1_295' title='bbox 590 2415 782 2456; x_wconf 75' lang='lat' dir='ltr'>ceterisque</span> 
     </span>
     <span class='ocr_line' id='line_1_46' title="bbox 104 2456 780 2500; baseline 0.006 -13"><span class='ocrx_word' id='word_1_296' title='bbox 104 2456 278 2489; x_wconf 76' lang='lat' dir='ltr'>similibus</span> <span class='ocrx_word' id='word_1_297' title='bbox 289 2459 328 2489; x_wconf 79' lang='lat' dir='ltr'>in</span> <span class='ocrx_word' id='word_1_298' title='bbox 342 2460 527 2500; x_wconf 83' lang='lat' dir='ltr'>utramque</span> <span class='ocrx_word' id='word_1_299' title='bbox 534 2461 674 2500; x_wconf 81' lang='lat' dir='ltr'>partem</span> <span class='ocrx_word' id='word_1_300' title='bbox 688 2462 780 2492; x_wconf 84' lang='lat' dir='ltr'>trac-</span> 
     </span>
     <span class='ocr_line' id='line_1_47' title="bbox 106 2502 781 2544; baseline 0.006 -12"><span class='ocrx_word' id='word_1_301' title='bbox 106 2503 246 2543; x_wconf 79' lang='lat' dir='ltr'>tantur,</span> <span class='ocrx_word' id='word_1_302' title='bbox 287 2503 382 2544; x_wconf 85' lang='lat' dir='ltr'>quod</span> <span class='ocrx_word' id='word_1_303' title='bbox 421 2504 546 2536; x_wconf 74' lang='lat' dir='ltr'>Graeci</span> <span class='ocrx_word' id='word_1_304' title='bbox 585 2502 694 2536; x_wconf 73' lang='grc' dir='ltr'><em>θέσιν</em></span> <span class='ocrx_word' id='word_1_305' title='bbox 729 2505 781 2536; x_wconf 81' lang='lat' dir='ltr'>di-</span> 
     </span>
     <span class='ocr_line' id='line_1_48' title="bbox 106 2547 782 2591; baseline 0.004 -13"><span class='ocrx_word' id='word_1_306' title='bbox 106 2549 200 2586; x_wconf 80' lang='lat' dir='ltr'>cunt,</span> <span class='ocrx_word' id='word_1_307' title='bbox 229 2547 376 2580; x_wconf 79' lang='lat' dir='ltr'>Cicero</span> <span class='ocrx_word' id='word_1_308' title='bbox 399 2551 698 2591; x_wconf 70' lang='lat' dir='ltr'>propos-itum,</span> <span class='ocrx_word' id='word_1_309' title='bbox 717 2549 782 2582; x_wconf 79' lang='lat' dir='ltr'>alii</span> 
     </span>
    </p>
   </div>
   <div class='ocr_carea' id='block_1_4' title="bbox 848 1377 1533 2593">
    <p class='ocr_par' dir='ltr' id='par_1_12' title="bbox 849 1377 1533 1770">
     <span class='ocr_line' id='line_1_49' title="bbox 853 1377 1530 1417; baseline 0.003 -10"><span class='ocrx_word' id='word_1_310' title='bbox 853 1377 1144 1417; x_wconf 75' lang='lat' dir='ltr'>quaestiones</span> <span class='ocrx_word' id='word_1_311' title='bbox 1166 1379 1377 1409; x_wconf 73' lang='lat' dir='ltr'>univer-sa</span> <span class='ocrx_word' id='word_1_312' title='bbox 1391 1377 1452 1408; x_wconf 85' lang='lat' dir='ltr'>les</span> <span class='ocrx_word' id='word_1_313' title='bbox 1471 1379 1530 1409; x_wconf 71' lang='lat' dir='ltr'>ei-</span> 
     </span>
     <span class='ocr_line' id='line_1_50' title="bbox 853 1421 1530 1465; baseline 0.003 -13"><span class='ocrx_word' id='word_1_314' title='bbox 853 1421 982 1461; x_wconf 77' lang='lat' dir='ltr'>viles,</span> <span class='ocrx_word' id='word_1_315' title='bbox 1001 1421 1066 1452; x_wconf 71' lang='lat' dir='ltr'>alii</span> <span class='ocrx_word' id='word_1_316' title='bbox 1081 1422 1530 1465; x_wconf 76' lang='lat' dir='ltr'>quaestionesplzilo-</span> 
     </span>
     <span class='ocr_line' id='line_1_51' title="bbox 850 1468 1530 1508; baseline 0.003 -11"><span class='ocrx_word' id='word_1_317' title='bbox 850 1468 985 1508; x_wconf 76' lang='lat' dir='ltr'>sopho</span> <span class='ocrx_word' id='word_1_318' title='bbox 1029 1476 1108 1498; x_wconf 86' lang='lat' dir='ltr'>con</span> <span class='ocrx_word' id='word_1_319' title='bbox 1122 1477 1138 1498; x_wconf 90' lang='grc' dir='ltr'><em>υ</em></span> <span class='ocrx_word' id='word_1_320' title='bbox 1152 1468 1375 1507; x_wconf 69' lang='lat' dir='ltr'>enientes,</span> <span class='ocrx_word' id='word_1_321' title='bbox 1424 1469 1530 1500; x_wconf 63' lang='lat' dir='ltr'>Attie-</span> 
     </span>
     <span class='ocr_line' id='line_1_52' title="bbox 851 1513 1531 1555; baseline 0.003 -12"><span class='ocrx_word' id='word_1_322' title='bbox 851 1522 960 1544; x_wconf 77' lang='lat' dir='ltr'>naeus</span> <span class='ocrx_word' id='word_1_323' title='bbox 982 1521 1004 1553; x_wconf 82' lang='lat' dir='ltr'><em>p</em></span> <span class='ocrx_word' id='word_1_324' title='bbox 1014 1522 1035 1543; x_wconf 85' lang='lat' dir='ltr'>a</span> <span class='ocrx_word' id='word_1_325' title='bbox 1046 1514 1152 1543; x_wconf 78' lang='lat' dir='ltr'>rtem</span> <span class='ocrx_word' id='word_1_326' title='bbox 1181 1522 1198 1543; x_wconf 81' lang='lat' dir='ltr'>c</span> <span class='ocrx_word' id='word_1_327' title='bbox 1208 1522 1228 1543; x_wconf 81' lang='lat' dir='ltr'>a</span> <span class='ocrx_word' id='word_1_328' title='bbox 1240 1523 1262 1543; x_wconf 86' lang='lat' dir='ltr'>u</span> <span class='ocrx_word' id='word_1_329' title='bbox 1272 1523 1288 1544; x_wconf 84' lang='lat' dir='ltr'>s</span> <span class='ocrx_word' id='word_1_330' title='bbox 1297 1524 1317 1544; x_wconf 84' lang='lat' dir='ltr'>a</span> <span class='ocrx_word' id='word_1_331' title='bbox 1329 1524 1346 1544; x_wconf 86' lang='lat' dir='ltr'>e</span> <span class='ocrx_word' id='word_1_332' title='bbox 1363 1513 1531 1555; x_wconf 83' lang='lat' dir='ltr'>appellat.</span> 
     </span>
     <span class='ocr_line' id='line_1_53' title="bbox 852 1556 1532 1598; baseline 0.003 -10"><span class='ocrx_word' id='word_1_333' title='bbox 852 1557 923 1589; x_wconf 79' lang='lat' dir='ltr'>Hoc</span> <span class='ocrx_word' id='word_1_334' title='bbox 933 1566 1047 1598; x_wconf 81' lang='lat' dir='ltr'>genus</span> <span class='ocrx_word' id='word_1_335' title='bbox 1059 1556 1178 1589; x_wconf 74' lang='lat' dir='ltr'>Cicer-o</span> <span class='ocrx_word' id='word_1_336' title='bbox 1190 1559 1339 1589; x_wconf 78' lang='lat' dir='ltr'>scientia</span> <span class='ocrx_word' id='word_1_337' title='bbox 1352 1560 1532 1591; x_wconf 81' lang='lat' dir='ltr'>etaetione</span> 
     </span>
     <span class='ocr_line' id='line_1_54' title="bbox 849 1600 1532 1646; baseline 0.004 -13"><span class='ocrx_word' id='word_1_338' title='bbox 849 1602 1051 1643; x_wconf 73' lang='lat' dir='ltr'>distinguit,</span> <span class='ocrx_word' id='word_1_339' title='bbox 1068 1605 1109 1633; x_wconf 89' lang='lat' dir='ltr'>ut</span> <span class='ocrx_word' id='word_1_340' title='bbox 1121 1603 1169 1633; x_wconf 72' lang='lat' dir='ltr'>sit</span> <span class='ocrx_word' id='word_1_341' title='bbox 1181 1604 1361 1643; x_wconf 77' lang='lat' dir='ltr'>scientiae,</span> <span class='ocrx_word' id='word_1_342' title='bbox 1377 1600 1437 1635; x_wconf 84' lang='lat' dir='ltr'>‘an</span> <span class='ocrx_word' id='word_1_343' title='bbox 1448 1614 1532 1646; x_wconf 85' lang='lat' dir='ltr'>pro-</span> 
     </span>
     <span class='ocr_line' id='line_1_55' title="bbox 850 1644 1533 1690; baseline 0.004 -12"><span class='ocrx_word' id='word_1_344' title='bbox 850 1647 1006 1679; x_wconf 76' lang='lat' dir='ltr'>videntia</span> <span class='ocrx_word' id='word_1_345' title='bbox 1022 1648 1172 1679; x_wconf 82' lang='lat' dir='ltr'>mundus</span> <span class='ocrx_word' id='word_1_346' title='bbox 1181 1644 1353 1690; x_wconf 78' lang='lat' dir='ltr'>regatu1·&#39;,</span> <span class='ocrx_word' id='word_1_347' title='bbox 1368 1650 1533 1690; x_wconf 76' lang='lat' dir='ltr'>actionis,</span> 
     </span>
     <span class='ocr_line' id='line_1_56' title="bbox 849 1688 1531 1736; baseline 0.003 -12"><span class='ocrx_word' id='word_1_348' title='bbox 849 1688 907 1724; x_wconf 82' lang='lat' dir='ltr'>‘an</span> <span class='ocrx_word' id='word_1_349' title='bbox 933 1692 1168 1724; x_wconf 83' lang='lat' dir='ltr'>accedendum</span> <span class='ocrx_word' id='word_1_350' title='bbox 1202 1694 1250 1725; x_wconf 86' lang='lat' dir='ltr'>ad</span> <span class='ocrx_word' id='word_1_351' title='bbox 1277 1694 1531 1736; x_wconf 70' lang='lat' dir='ltr'>rempubIe&#39;cam</span> 
     </span>
     <span class='ocr_line' id='line_1_57' title="bbox 851 1734 1194 1770; baseline 0 0"><span class='ocrx_word' id='word_1_352' title='bbox 851 1734 1194 1770; x_wconf 74' lang='lat' dir='ltr'>administrandam&#39;.</span> 
     </span>
    </p>

    <p class='ocr_par' dir='ltr' id='par_1_13' title="bbox 849 1782 1531 2087">
     <span class='ocr_line' id='line_1_58' title="bbox 898 1782 1530 1819; baseline 0.002 -4"><span class='ocrx_word' id='word_1_353' title='bbox 898 1783 1029 1819; x_wconf 75' lang='lat' dir='ltr'>Cicero,</span> <span class='ocrx_word' id='word_1_354' title='bbox 1055 1782 1188 1815; x_wconf 87' lang='lat' dir='ltr'>schrieb</span> <span class='ocrx_word' id='word_1_355' title='bbox 1213 1783 1258 1815; x_wconf 89' lang='lat' dir='ltr'>im</span> <span class='ocrx_word' id='word_1_356' title='bbox 1284 1782 1313 1815; x_wconf 88' lang='lat' dir='ltr'>J.</span> <span class='ocrx_word' id='word_1_357' title='bbox 1328 1785 1369 1816; x_wconf 77' lang='lat'>49</span> <span class='ocrx_word' id='word_1_358' title='bbox 1396 1794 1427 1816; x_wconf 77' lang='lat' dir='ltr'>v,</span> <span class='ocrx_word' id='word_1_359' title='bbox 1454 1784 1530 1816; x_wconf 84' lang='lat' dir='ltr'>Clir.</span> 
     </span>
     <span class='ocr_line' id='line_1_59' title="bbox 853 1827 1531 1870; baseline 0.001 -11"><span class='ocrx_word' id='word_1_360' title='bbox 853 1827 892 1859; x_wconf 87' lang='lat' dir='ltr'>ad</span> <span class='ocrx_word' id='word_1_361' title='bbox 911 1828 979 1860; x_wconf 81' lang='lat' dir='ltr'>Au.</span> <span class='ocrx_word' id='word_1_362' title='bbox 997 1827 1051 1867; x_wconf 83' lang='lat' dir='ltr'>lx,</span> <span class='ocrx_word' id='word_1_363' title='bbox 1065 1831 1103 1860; x_wconf 77' lang='lat'>4:</span> <span class='ocrx_word' id='word_1_364' title='bbox 1130 1827 1182 1860; x_wconf 85' lang='lat' dir='ltr'>Ne</span> <span class='ocrx_word' id='word_1_365' title='bbox 1206 1839 1260 1860; x_wconf 89' lang='lat' dir='ltr'>me</span> <span class='ocrx_word' id='word_1_366' title='bbox 1284 1831 1396 1860; x_wconf 86' lang='lat' dir='ltr'>totum</span> <span class='ocrx_word' id='word_1_367' title='bbox 1414 1831 1531 1870; x_wconf 75' lang='lat' dir='ltr'>aegri-</span> 
     </span>
     <span class='ocr_line' id='line_1_60' title="bbox 854 1872 1528 1916; baseline 0.004 -13"><span class='ocrx_word' id='word_1_368' title='bbox 854 1872 971 1904; x_wconf 72' lang='lat' dir='ltr'>tudini</span> <span class='ocrx_word' id='word_1_369' title='bbox 996 1872 1130 1914; x_wconf 82' lang='lat' dir='ltr'>dedam,</span> <span class='ocrx_word' id='word_1_370' title='bbox 1154 1876 1288 1915; x_wconf 78' lang='lat' dir='ltr'>sumpsi</span> <span class='ocrx_word' id='word_1_371' title='bbox 1312 1875 1400 1905; x_wconf 62' lang='lat' dir='ltr'>milii</span> <span class='ocrx_word' id='word_1_372' title='bbox 1425 1885 1528 1916; x_wconf 78' lang='lat' dir='ltr'>quas-</span> 
     </span>
     <span class='ocr_line' id='line_1_61' title="bbox 852 1917 1531 1959; baseline 0.003 -10"><span class='ocrx_word' id='word_1_373' title='bbox 852 1918 931 1949; x_wconf 89' lang='lat' dir='ltr'>dam</span> <span class='ocrx_word' id='word_1_374' title='bbox 957 1920 1135 1959; x_wconf 80' lang='lat' dir='ltr'>tamquam</span> <span class='ocrx_word' id='word_1_375' title='bbox 1154 1917 1283 1951; x_wconf 68' lang='grc' dir='ltr'><strong><em>θέσεις.</em></strong></span> <span class='ocrx_word' id='word_1_376' title='bbox 1325 1918 1369 1951; x_wconf 81' lang='lat' dir='ltr'>ih.</span> <span class='ocrx_word' id='word_1_377' title='bbox 1388 1921 1424 1952; x_wconf 76' lang='lat'>9:</span> <span class='ocrx_word' id='word_1_378' title='bbox 1453 1918 1531 1951; x_wconf 74' lang='grc' dir='ltr'>θέ-</span> 
     </span>
     <span class='ocr_line' id='line_1_62' title="bbox 851 1964 1530 1998; baseline 0.004 -4"><span class='ocrx_word' id='word_1_379' title='bbox 851 1973 896 1994; x_wconf 81' lang='grc' dir='ltr'>σε</span> <span class='ocrx_word' id='word_1_380' title='bbox 907 1976 918 1994; x_wconf 94' lang='grc' dir='ltr'><em>ι</em></span> <span class='ocrx_word' id='word_1_381' title='bbox 929 1972 943 1994; x_wconf 82' lang='grc' dir='ltr'><strong>ς</strong></span> <span class='ocrx_word' id='word_1_382' title='bbox 959 1973 1052 1994; x_wconf 83' lang='lat' dir='ltr'>meas</span> <span class='ocrx_word' id='word_1_383' title='bbox 1067 1966 1298 1995; x_wconf 69' lang='lat' dir='ltr'>commentam?</span> <span class='ocrx_word' id='word_1_384' title='bbox 1311 1974 1382 1996; x_wconf 86' lang='lat' dir='ltr'>non</span> <span class='ocrx_word' id='word_1_385' title='bbox 1398 1964 1530 1998; x_wconf 77' lang='lat' dir='ltr'>desino.</span> 
     </span>
     <span class='ocr_line' id='line_1_63' title="bbox 849 2007 1531 2043; baseline 0.004 -4"><span class='ocrx_word' id='word_1_386' title='bbox 849 2007 984 2040; x_wconf 82' lang='lat' dir='ltr'>Hierliin</span> <span class='ocrx_word' id='word_1_387' title='bbox 1018 2007 1107 2040; x_wconf 86' lang='lat' dir='ltr'>kann</span> <span class='ocrx_word' id='word_1_388' title='bbox 1139 2018 1213 2041; x_wconf 86' lang='lat' dir='ltr'>man</span> <span class='ocrx_word' id='word_1_389' title='bbox 1240 2009 1325 2042; x_wconf 86' lang='lat' dir='ltr'>auch</span> <span class='ocrx_word' id='word_1_390' title='bbox 1351 2009 1404 2042; x_wconf 88' lang='lat' dir='ltr'>die</span> <span class='ocrx_word' id='word_1_391' title='bbox 1430 2009 1531 2043; x_wconf 83' lang='lat' dir='ltr'>Para-</span> 
     </span>
     <span class='ocr_line' id='line_1_64' title="bbox 850 2052 1123 2087; baseline 0.004 -2"><span class='ocrx_word' id='word_1_392' title='bbox 850 2052 935 2085; x_wconf 82' lang='lat' dir='ltr'>doxa</span> <span class='ocrx_word' id='word_1_393' title='bbox 966 2053 1123 2087; x_wconf 79' lang='lat' dir='ltr'>rechnen.</span> 
     </span>
    </p>

    <p class='ocr_par' dir='ltr' id='par_1_14' title="bbox 850 2098 1528 2186">
     <span class='ocr_line' id='line_1_65' title="bbox 900 2098 1528 2141; baseline 0.002 -10"><span class='ocrx_word' id='word_1_394' title='bbox 900 2099 948 2131; x_wconf 79' lang='lat'>12.</span> <span class='ocrx_word' id='word_1_395' title='bbox 975 2098 1136 2140; x_wconf 77' lang='lat' dir='ltr'>confinis,</span> <span class='ocrx_word' id='word_1_396' title='bbox 1161 2099 1193 2131; x_wconf 90' lang='lat' dir='ltr'>in</span> <span class='ocrx_word' id='word_1_397' title='bbox 1207 2098 1266 2131; x_wconf 87' lang='lat' dir='ltr'>der</span> <span class='ocrx_word' id='word_1_398' title='bbox 1282 2099 1528 2141; x_wconf 72' lang='lat' dir='ltr'>fibertragenen</span> 
     </span>
     <span class='ocr_line' id='line_1_66' title="bbox 850 2142 1397 2186; baseline 0.004 -11"><span class='ocrx_word' id='word_1_399' title='bbox 850 2142 1050 2186; x_wconf 83' lang='lat' dir='ltr'>Bedeutung</span> <span class='ocrx_word' id='word_1_400' title='bbox 1075 2144 1168 2176; x_wconf 86' lang='lat' dir='ltr'>nicht</span> <span class='ocrx_word' id='word_1_401' title='bbox 1193 2144 1245 2177; x_wconf 88' lang='lat' dir='ltr'>hei</span> <span class='ocrx_word' id='word_1_402' title='bbox 1273 2144 1397 2177; x_wconf 85' lang='lat' dir='ltr'>Cicero.</span> 
     </span>
    </p>

    <p class='ocr_par' dir='ltr' id='par_1_15' title="bbox 848 2188 1531 2503">
     <span class='ocr_line' id='line_1_67' title="bbox 896 2188 1528 2231; baseline 0.003 -11"><span class='ocrx_word' id='word_1_403' title='bbox 896 2188 1087 2222; x_wconf 77' lang='lat' dir='ltr'>destructio</span> <span class='ocrx_word' id='word_1_404' title='bbox 1097 2208 1138 2213; x_wconf 78' lang='lat'><em>—</em></span> <span class='ocrx_word' id='word_1_405' title='bbox 1147 2192 1414 2222; x_wconf 75' lang='lat' dir='ltr'>sententiarum.</span> <span class='ocrx_word' id='word_1_406' title='bbox 1451 2188 1528 2231; x_wconf 82' lang='lat' dir='ltr'>Vgl.</span> 
     </span>
     <span class='ocr_line' id='line_1_68' title="bbox 848 2232 1528 2274; baseline 0.001 -9"><span class='ocrx_word' id='word_1_407' title='bbox 848 2232 885 2274; x_wconf 81' lang='lat' dir='ltr'>ll,</span> <span class='ocrx_word' id='word_1_408' title='bbox 910 2235 941 2274; x_wconf 89' lang='grc'>4,</span> <span class='ocrx_word' id='word_1_409' title='bbox 967 2236 1022 2268; x_wconf 89' lang='grc'>18;</span> <span class='ocrx_word' id='word_1_410' title='bbox 1048 2233 1330 2267; x_wconf 74' lang='lat' dir='ltr'>Nar-rationibus</span> <span class='ocrx_word' id='word_1_411' title='bbox 1354 2245 1424 2266; x_wconf 90' lang='lat' dir='ltr'>non</span> <span class='ocrx_word' id='word_1_412' title='bbox 1450 2236 1528 2266; x_wconf 78' lang='lat' dir='ltr'>inu-</span> 
     </span>
     <span class='ocr_line' id='line_1_69' title="bbox 850 2279 1530 2322; baseline 0.001 -12"><span class='ocrx_word' id='word_1_413' title='bbox 850 2279 964 2311; x_wconf 74' lang='lat' dir='ltr'>tiliter</span> <span class='ocrx_word' id='word_1_414' title='bbox 974 2281 1205 2321; x_wconf 79' lang='lat' dir='ltr'>subiungitur</span> <span class='ocrx_word' id='word_1_415' title='bbox 1223 2290 1309 2322; x_wconf 80' lang='lat' dir='ltr'>opus</span> <span class='ocrx_word' id='word_1_416' title='bbox 1322 2280 1530 2312; x_wconf 79' lang='lat' dir='ltr'>destruendi</span> 
     </span>
     <span class='ocr_line' id='line_1_70' title="bbox 850 2321 1528 2367; baseline 0.001 -11"><span class='ocrx_word' id='word_1_417' title='bbox 850 2324 1154 2367; x_wconf 79' lang='lat' dir='ltr'>confirmandique</span> <span class='ocrx_word' id='word_1_418' title='bbox 1194 2336 1267 2365; x_wconf 81' lang='lat' dir='ltr'>eas,</span> <span class='ocrx_word' id='word_1_419' title='bbox 1308 2325 1403 2367; x_wconf 84' lang='lat' dir='ltr'>quod</span> <span class='ocrx_word' id='word_1_420' title='bbox 1441 2321 1528 2357; x_wconf 67' lang='lat' dir='ltr'>dva-</span> 
     </span>
     <span class='ocr_line' id='line_1_71' title="bbox 851 2367 1527 2411; baseline 0.001 -9"><span class='ocrx_word' id='word_1_421' title='bbox 851 2368 954 2410; x_wconf 83' lang='grc' dir='ltr'><strong><em>σκευή</em></strong></span> <span class='ocrx_word' id='word_1_422' title='bbox 980 2372 1014 2401; x_wconf 87' lang='lat' dir='ltr'>et</span> <span class='ocrx_word' id='word_1_423' title='bbox 1037 2367 1236 2411; x_wconf 81' lang='grc' dir='ltr'><em>κατασκευή</em></span> <span class='ocrx_word' id='word_1_424' title='bbox 1262 2373 1419 2402; x_wconf 77' lang='lat' dir='ltr'>vocatur.</span> <span class='ocrx_word' id='word_1_425' title='bbox 1467 2368 1527 2403; x_wconf 84' lang='lat' dir='ltr'>Die</span> 
     </span>
     <span class='ocr_line' id='line_1_72' title="bbox 850 2413 1531 2456; baseline 0.003 -10"><span class='ocrx_word' id='word_1_426' title='bbox 850 2413 1072 2456; x_wconf 79' lang='lat' dir='ltr'>Beliandlung</span> <span class='ocrx_word' id='word_1_427' title='bbox 1087 2414 1145 2447; x_wconf 86' lang='lat' dir='ltr'>der</span> <span class='ocrx_word' id='word_1_428' title='bbox 1155 2414 1345 2456; x_wconf 66' lang='lat' dir='ltr'>Erziihlung</span> <span class='ocrx_word' id='word_1_429' title='bbox 1359 2414 1443 2447; x_wconf 89' lang='lat' dir='ltr'>wird</span> <span class='ocrx_word' id='word_1_430' title='bbox 1457 2415 1531 2448; x_wconf 84' lang='lat' dir='ltr'>hier</span> 
     </span>
     <span class='ocr_line' id='line_1_73' title="bbox 851 2459 1528 2503; baseline 0.003 -12"><span class='ocrx_word' id='word_1_431' title='bbox 851 2459 910 2491; x_wconf 75' lang='lat' dir='ltr'>auf</span> <span class='ocrx_word' id='word_1_432' title='bbox 934 2459 988 2492; x_wconf 87' lang='lat' dir='ltr'>die</span> <span class='ocrx_word' id='word_1_433' title='bbox 1005 2459 1288 2503; x_wconf 73' lang='lat' dir='ltr'>Riclitersprsiche</span> <span class='ocrx_word' id='word_1_434' title='bbox 1313 2460 1528 2502; x_wconf 74' lang='lat' dir='ltr'>tibertragen.</span> 
     </span>
    </p>

    <p class='ocr_par' dir='ltr' id='par_1_16' title="bbox 851 2504 1529 2593">
     <span class='ocr_line' id='line_1_74' title="bbox 897 2504 1528 2548; baseline 0.006 -13"><span class='ocrx_word' id='word_1_435' title='bbox 897 2504 966 2536; x_wconf 65' lang='lat'><em>1001?</em></span> <span class='ocrx_word' id='word_1_436' title='bbox 991 2515 1199 2537; x_wconf 86' lang='lat' dir='ltr'>communes.</span> <span class='ocrx_word' id='word_1_437' title='bbox 1249 2504 1323 2548; x_wconf 86' lang='lat' dir='ltr'>Vgl.</span> <span class='ocrx_word' id='word_1_438' title='bbox 1348 2505 1385 2546; x_wconf 88' lang='lat' dir='ltr'>ll,</span> <span class='ocrx_word' id='word_1_439' title='bbox 1411 2507 1442 2547; x_wconf 85' lang='lat'>4,</span> <span class='ocrx_word' id='word_1_440' title='bbox 1468 2507 1528 2539; x_wconf 85' lang='lat'>22:</span> 
     </span>
     <span class='ocr_line' id='line_1_75' title="bbox 851 2549 1529 2593; baseline 0.003 -12"><span class='ocrx_word' id='word_1_441' title='bbox 851 2550 892 2581; x_wconf 84' lang='lat' dir='ltr'>de</span> <span class='ocrx_word' id='word_1_442' title='bbox 917 2551 962 2581; x_wconf 75' lang='lat' dir='ltr'>iis</span> <span class='ocrx_word' id='word_1_443' title='bbox 989 2549 1124 2592; x_wconf 78' lang='lat' dir='ltr'>loquor,</span> <span class='ocrx_word' id='word_1_444' title='bbox 1150 2552 1277 2592; x_wconf 76' lang='lat' dir='ltr'>quibus</span> <span class='ocrx_word' id='word_1_445' title='bbox 1301 2552 1394 2583; x_wconf 80' lang='lat' dir='ltr'>citra</span> <span class='ocrx_word' id='word_1_446' title='bbox 1410 2561 1529 2593; x_wconf 79' lang='lat' dir='ltr'>perso—</span> 
     </span>
    </p>
   </div>
   <div class='ocr_carea' id='block_1_5' title="bbox 1563 629 1598 661">
    <p class='ocr_par' dir='ltr' id='par_1_17' title="bbox 1563 629 1598 661">
     <span class='ocr_line' id='line_1_76' title="bbox 1563 629 1598 661; baseline 0 0"><span class='ocrx_word' id='word_1_447' title='bbox 1563 629 1598 661; x_wconf 89' lang='lat'>10</span> 
     </span>
    </p>
   </div>
   <div class='ocr_carea' id='block_1_6' title="bbox 1563 854 1596 886">
    <p class='ocr_par' dir='ltr' id='par_1_18' title="bbox 1563 854 1596 886">
     <span class='ocr_line' id='line_1_77' title="bbox 1563 854 1596 886; baseline 0 0"><span class='ocrx_word' id='word_1_448' title='bbox 1563 854 1596 886; x_wconf 80' lang='lat' dir='ltr'>tt</span> 
     </span>
    </p>
   </div>
   <div class='ocr_carea' id='block_1_7' title="bbox 1559 1193 1600 1226">
    <p class='ocr_par' dir='ltr' id='par_1_19' title="bbox 1559 1193 1600 1226">
     <span class='ocr_line' id='line_1_78' title="bbox 1559 1193 1600 1226; baseline 0.024 -1"><span class='ocrx_word' id='word_1_449' title='bbox 1559 1193 1600 1226; x_wconf 85' lang='lat'>12</span> 
     </span>
    </p>
   </div>
  </div>
 </body>
</html>
