1720 2848
650 60 791 94 CAPUT
820 61 855 94 V.
883 62 902 104 ξ
935 64 1028 95 1-3.
1495 62 1540 100 71

722 220 866 269 CAPUT
904 221 950 268 V.

446 321 596 376 QUAE
635 321 954 368 SCRIBENDA
992 321 1226 368 MAXIME.

237 434 457 472 Proximum
476 441 543 479 est,
563 441 601 472 ut
621 435 804 480 dicamus,
824 447 946 485 quae
970 446 1083 486 prae
1097 434 1174 485 cip
1189 447 1242 472 ue
1269 435 1435 474 scribe
1449 449 1472 474 n
1489 436 1509 474 d
1524 450 1542 474 a

122 492 223 530 sint
260 487 347 538 ἕξιν
383 490 621 541 parantibus.
683 490 767 530 Non
799 499 848 529 est
884 490 996 530 ltm'us
1027 490 1182 554 quidem
1214 491 1362 542 operis,
1402 498 1441 531 ut
1477 505 1542 530 ex-

123 548 322 598 plicemus,
346 559 442 597 quae
465 547 541 585 sint
563 547 756 593 materiae,
788 560 885 597 quae
918 547 1039 598 prima
1068 554 1133 586 aut
1155 548 1325 586 secunda
1347 555 1413 586 aut
1433 549 1544 587 dein-

123 616 214 654 ceps
243 603 439 641 tractanda
469 603 565 651 sint;
606 616 693 642 nam
731 603 765 641 id
797 606 938 642 sactum
968 611 1023 642 est
1055 604 1129 642 iam
1159 604 1285 655 primo
1315 604 1427 651 libro,
1465 618 1542 655 quo

121 672 347 711 puerorum,
372 667 405 697 et
429 659 614 706 serundo,
645 673 721 710 quo
752 660 824 697 iam
848 659 1098 698 robustorum
1121 660 1258 699 studiis
1280 661 1454 700 ordinem
1478 661 1544 700 de-

120 716 266 762 dimus;
289 716 368 763 sed,
392 717 436 754 dc
460 729 537 766 quo
561 728 666 754 nunc
689 715 826 767 agitur.
859 716 960 754 unde
991 717 1100 767 copia
1130 728 1173 755 ac
1197 717 1356 756 facilitas
1380 718 1543 756 maxime

118 773 256 811 veniat.

233 828 390 866 Vertere
408 828 552 866 Graeca
576 828 613 866 in
634 828 815 866 Latinum
839 835 986 866 veteres
1009 828 1132 867 nostri
1156 836 1330 868 oratores
1353 830 1544 881 optimum

121 884 353 924 iudicabant.
396 884 436 923 Id
459 898 499 923 se
522 885 563 922 L.
587 884 746 924 Crassus
774 884 812 922 in
836 884 909 923 illis
932 884 1132 923 Ciceronis
1161 886 1208 923 de
1242 885 1405 925 Oratore
1435 886 1543 925 libris

119 942 210 980 dicit
233 941 437 980 factitasse.
480 934 519 979 ld
545 932 679 979 llicero
703 953 770 979 sua
793 941 873 991 ipse
904 953 1069 992 persona
1093 942 1408 992 frequentissime
1431 955 1543 993 prae-

120 998 226 1049 cipit,
256 998 348 1047 quin
381 998 495 1035 etiam
525 997 646 1036 libros
676 997 848 1036 Platonis
876 1004 991 1047 atque
1023 996 1296 1049 Xenophontis
1325 999 1442 1037 edidit
1469 999 1542 1037 hoc

118 1065 262 1104 genere
293 1054 511 1092 translatos.
565 1054 604 1091 ld
636 1054 816 1092 Messalae
849 1054 1003 1105 placuit.
1044 1054 1265 1105 multaeque
1295 1062 1385 1093 sunt
1416 1055 1463 1093 ab
1497 1069 1540 1094 eo

118 1111 285 1161 scriptae
317 1109 363 1147 ad
394 1110 498 1149 liunc
530 1110 686 1148 modum
709 1117 918 1151 orationes.
951 1110 1045 1149 adeo
1069 1116 1109 1149 ut
1132 1111 1245 1149 etiam
1268 1124 1356 1150 cum
1379 1112 1439 1150 illa
1462 1112 1542 1163 Hy-

118 1167 261 1218 peridis
292 1179 361 1217 pro
395 1166 547 1218 Phryne
579 1167 800 1205 difficillima
827 1166 1013 1205 Romanis
1035 1166 1246 1206 subtilitate
1271 1168 1539 1207 contenderet.

118 1223 165 1262 Et
186 1223 390 1262 manifesta
412 1230 467 1262 est
495 1223 781 1262 exercitationis
812 1223 972 1262 huiusce
995 1223 1104 1261 ratio.
1146 1223 1241 1262 Nam
1265 1231 1300 1263 et
1323 1237 1454 1263 rerum
1476 1237 1542 1263 co-

118 1281 178 1331 pia
201 1279 337 1318 Graeci
360 1287 538 1318 auctores
561 1280 760 1318 abundant
792 1286 827 1317 et
859 1279 1069 1330 plurimum
1093 1280 1185 1319 artis
1214 1281 1251 1319 in
1277 1281 1541 1331 eloquentiam

117 1337 349 1381 intulerunt,
372 1343 409 1374 et
432 1337 501 1375 llos
528 1335 855 1375 transferentibus
884 1335 1011 1374 verbis
1033 1320 1087 1375 u‘ti
1111 1337 1266 1387 optimis
1288 1337 1390 1384 licet,
1414 1338 1541 1376 omni—

116 1393 191 1432 bus
211 1391 314 1431 enim
339 1392 485 1431 utimur
508 1393 662 1431 uostris.
705 1392 867 1442 Figuras
899 1405 1002 1439 vero⁷
1027 1392 1169 1443 quibus
1191 1393 1355 1432 maxime
1379 1400 1542 1433 ornatur

118 1444 253 1493 oratio,
286 1449 426 1487 multas
457 1461 499 1487 ac
529 1449 652 1488 varias
684 1449 928 1498 excogitandi
960 1449 1074 1487 etiam
1107 1450 1317 1489 necessitas
1351 1451 1540 1501 quaedam

116 1512 185 1551 est,
208 1505 298 1555 quia
320 1505 550 1556 plerumque
574 1518 593 1543 a
615 1505 772 1544 Graecis
796 1505 969 1543 Romana
992 1505 1240 1544 dissentiunt.

906 1593 1164 1635 Xenophontis,
1199 1604 1264 1627 von
1290 1594 1416 1628 diesem
1444 1595 1542 1628 siber-

861 1643 965 1672 setzte
991 1649 1026 1671 er
1051 1639 1114 1672 den
1142 1638 1396 1673 Oeconomicus.

906 1684 1086 1725 Messalae,
1111 1695 1137 1717 s.
1168 1687 1194 1723 1,
1223 1686 1296 1718 113.

905 1729 1107 1772 Hyperidis,
1130 1740 1156 1762 s.
1186 1732 1213 1769 1,
1239 1732 1291 1762 Π.

906 1775 1057 1817 Phryne,
1083 1774 1158 1807 eine
1175 1773 1307 1815 uetare,
1335 1775 1463 1816 welche
1482 1775 1540 1808 der

164 1596 190 1626 1.
224 1595 460 1634 robustorum,
488 1593 552 1636 vgt.
582 1597 609 1633 1,
641 1596 710 1627 130.

160 1640 188 1671 2.
216 1639 256 1671 de
283 1639 432 1671 Oratore
458 1639 568 1678 libris,
594 1639 616 1678 l,
636 1640 687 1673 34.
715 1642 788 1672 155:

114 1685 237 1716 Postea
251 1684 487 1726 ‘milit'placnit
499 1694 607 1725 eoque
619 1695 694 1716 sum
710 1695 793 1716 usus

115 1728 331 1768 adolescens,
365 1732 404 1761 ut
434 1739 649 1761 summorum
677 1732 793 1761 orato-

114 1784 193 1805 rum
209 1773 361 1806 Graecas
373 1776 553 1806 orationes
565 1775 790 1816 eaeplae'carem.

118 1818 249 1859 Quibus
273 1820 370 1851 lectis
395 1820 458 1850 hoc
483 1819 717 1861 adsequebar,
741 1822 790 1860 ut,

117 1874 193 1896 cam
211 1874 262 1905 ea,
288 1874 376 1905 quae
394 1864 547 1905 legeram
568 1863 706 1903 Graece,
725 1863 793 1896 La-

115 1911 189 1940 tine
212 1908 402 1949 redderem,
427 1920 497 1941 non
521 1910 633 1941 solum
651 1911 793 1951 optimis

116 1955 231 1986 verbis
247 1956 364 1986 uterer
381 1957 416 1985 et
441 1958 554 1986 tamen
573 1956 715 1986 usitatis
731 1955 793 1987 sed

115 2001 223 2031 etiam
247 2001 481 2041 exprimerem
498 1999 668 2041 quaedam
687 2001 791 2032 verba

116 2044 301 2085 imitando,
316 2055 403 2087 quae
417 2055 507 2077 nova
525 2047 656 2076 nostris
669 2048 791 2081 essent,

115 2089 301 2122 dummodo
327 2093 438 2121 essent
462 2090 599 2122 idonea.

162 2135 280 2167 Cicero
295 2154 338 2158 —
347 2136 539 2176 praecipit.
577 2134 658 2167 Eine
673 2134 790 2171 Stelle,

117 2189 171 2212 wo
196 2179 310 2212 Cicero
344 2179 415 2213 dies
444 2179 680 2213 ausdrticklicli
706 2180 790 2219 thui,

117 2224 160 2256 ist
185 2224 276 2257 nicht
293 2225 386 2258 mehr
406 2225 610 2265 vorhauden,
637 2225 697 2258 das
715 2225 792 2258 Stu-

117 2268 206 2302 dium
223 2269 282 2302 des
300 2270 536 2303 Griechisehen
559 2269 733 2312 empfiehlt
757 2280 792 2303 er

117 2314 161 2346 im
185 2314 337 2356 Ansange
368 2315 425 2348 der
449 2314 580 2348 Bucher
605 2316 645 2348 de
670 2314 792 2349 officiis

118 2359 184 2391 und
210 2359 251 2392 de
275 2358 408 2393 finibus.

163 2403 330 2438 Platonis.
379 2405 452 2438 Von
485 2405 554 2438 ihm
585 2405 642 2438 hat
675 2405 791 2439 Cicero

117 2448 181 2481 deu
210 2447 346 2483 Timaus
370 2450 436 2483 und
466 2449 668 2494 Protagoras
693 2451 792 2484 fiber-

117 2497 214 2527 setzt.

859 1814 1005 1861 ἀσέβεια
1031 1818 1214 1861 angeklagt
1240 1829 1320 1853 war.
1361 1819 1450 1853 L'ber
1474 1820 1538 1853 den

862 1863 1004 1896 Prozess
1028 1864 1095 1906 vgl.
1121 1863 1156 1905 11,
1180 1866 1228 1903 15,
1247 1866 1282 1897 9:
1308 1865 1357 1898 Ec
1372 1866 1539 1908 Phrynen

861 1919 929 1941 non
950 1909 1139 1952 Hyperidis
1163 1911 1301 1942 actione
1327 1921 1539 1953 quamquam

862 1954 1076 1994 admirabili,
1090 1954 1151 1986 sed
1167 1958 1354 1997 conspeetu
1368 1958 1538 1997 eorporis,

862 1999 956 2041 quod
986 1999 1047 2031 illa
1079 2001 1371 2040 speciosissimum
1405 2001 1540 2043 alioqui

862 2045 1007 2077 diducta
1031 2044 1221 2077 nudaverit
1246 2048 1385 2088 tunica,
1408 2049 1539 2089 putant

859 2089 1018 2132 periculo
1045 2089 1239 2122 liberatam.

907 2136 937 2169 3.
962 2137 1102 2175 nostris,
1116 2134 1395 2177 pradikativisch;
1415 2135 1468 2169 die
1482 2135 1540 2168 Er-

862 2179 1004 2222 klfirung
1021 2180 1152 2222 ergiebt
1165 2180 1237 2214 sich
1251 2190 1312 2214 aus
1326 2181 1344 2223 ξ
1359 2184 1377 2215 5
1397 2183 1538 2223 optimis

863 2226 1054 2268 occupatis.

906 2270 1054 2312 figuras.
1080 2269 1139 2303 Die
1151 2269 1271 2312 figura
1286 2269 1411 2302 erklart
1424 2269 1538 2309 Quint.

861 2314 915 2354 lx,
933 2317 991 2351 1,4
1011 2314 1249 2354 conformatio
1269 2315 1442 2357 quaedam
1459 2326 1540 2348 ora·

863 2362 970 2392 tionis
1002 2364 1135 2392 remota
1165 2371 1186 2392 a
1211 2362 1388 2392 commum·
1410 2364 1442 2393 et
1460 2362 1540 2402 pri-

863 2416 956 2437 mum
987 2416 1022 2437 se
1055 2404 1224 2445 offerente
1255 2407 1406 2438 ratione.
1462 2405 1540 2439 Hier

862 2450 935 2483 sind
961 2449 1015 2483 die
1040 2450 1321 2492 grammatisehen
1347 2452 1390 2492 (1,
1417 2452 1469 2492 12)
1495 2461 1537 2484 zu

862 2495 1030 2528 vet-stehn.

1575 838 1593 867 2
