1720 2848
600 119 739 151 cAPU'r
766 119 786 152 1.
814 121 834 161 5
860 122 1002 153 31—33.
1457 121 1507 157 25

93 251 187 276 suco
211 243 357 288 potest;
381 247 513 274 verum
536 241 573 273 et
594 235 673 285 ipsa
695 235 750 273 sic
772 242 825 273 est
850 235 1024 284 legenda,
1049 242 1087 273 ut
1104 235 1282 281 sciamus,
1307 236 1509 287 plerasque

92 294 174 332 eius
188 294 345 331 virtutes
362 291 505 329 oratori
524 304 607 329 esse
627 291 809 329 vitandas.
847 290 999 329 Etenim
1020 291 1193 341 proxima
1211 292 1336 342 poetis
1353 299 1389 330 et
1411 306 1508 342 quo-

92 350 295 388 dammodo
318 360 472 386 carmen
496 347 668 385 solutum
691 354 748 386 est
770 354 806 385 et
827 347 1011 385 scribitur
1032 348 1075 385 ad
1101 348 1337 386 narrandum
1362 362 1441 387 non
1462 350 1506 387 ad

92 405 358 457 probandum,
383 409 584 452 totumque
607 415 705 453 opus
728 416 807 441 non
829 403 875 441 ad
897 410 1023 442 actum
1047 404 1102 442 rei
1124 416 1374 454 pugnamque
1396 418 1508 455 prae-

91 469 239 500 sentem
271 461 337 499 sed
359 459 403 497 ad
428 459 653 497 memoriam
685 459 923 510 posteritatis
945 466 983 498 et
1011 460 1158 510 ingenii
1186 462 1325 498 l'amam
1347 474 1507 512 compo·

93 519 218 563 nitur,
241 517 405 566 ideoque
427 522 465 553 et
487 515 613 553 verbis
634 515 910 555 remotioribus
931 523 969 554 et
990 516 1236 555 liberioribus
1260 517 1395 567 liguris
1419 530 1507 555 nar-

90 573 199 612 randi
223 572 391 611 taedium
413 572 538 609 evitat.
580 571 725 622 ltaque,
750 579 791 610 ut
812 572 906 618 dixi,
930 585 1059 622 neque
1082 573 1142 611 illa
1166 574 1396 612 Sallustiana
1420 573 1507 612 bre-

89 630 203 675 vitas,
243 641 317 679 qua
350 628 444 666 nihil
474 628 575 679 apud
607 640 719 666 aures
750 640 886 666 vacuas
918 635 1034 678 atque
1065 630 1234 668 eruditas
1266 637 1392 680 potest
1424 643 1507 669 esse

88 685 316 736 perfectius,
343 685 444 734 apud
466 689 700 734 occupatum
722 684 834 722 variis
855 684 1156 735 cogitationibus
1177 686 1343 724 iudicem
1365 693 1403 724 et
1424 699 1507 724 sae-

86 741 174 792 pius
196 741 432 779 ineruditum
455 740 644 791 captanda
668 740 782 778 nobis
804 747 881 787 est;
906 753 1032 790 neque
1054 741 1114 779 illa
1130 742 1222 779 Livii
1246 742 1365 781 lactea
1391 742 1507 780 uber-

88 804 142 836 tas
164 797 254 836 satis
275 796 430 836 docebit
465 809 574 841 eum,
608 795 673 845 qui
704 809 784 834 non
814 796 984 846 speciem
1014 797 1267 848 expositionis
1294 799 1361 836 sed
1393 799 1506 837 tidem

85 853 249 903 quaerit.
291 853 396 891 Adeo
417 852 466 890 Μ.
489 852 638 891 Tullius
660 865 711 890 ne
727 852 980 903 Thucydiden
1003 853 1160 903 quidem
1183 860 1248 892 aut
1266 853 1506 906 Xenophon-

85 917 161 948 tem
185 909 297 948 utiles
318 908 463 947 oratori
486 913 615 959 putat,
647 921 882 959 quamquam
904 909 1013 947 illum
1036 909 1274 948 bellicum
1299 923 1505 957 canere,

85 966 199 1005 huius
221 978 287 1004 ore
311 965 474 1003 Musas
504 977 616 1003 esse
639 965 836 1004 locutas
858 965 1061 1004 existimet.
1102 966 1210 1004 Licet
1240 973 1369 1005 tamen
1393 967 1506 1005 nobis

85 1022 124 1060 iu
148 1021 456 1072 digressionibus
480 1021 532 1059 uti
554 1020 612 1058 vel
633 1021 818 1059 historico
851 1034 1148 1071 nonnumquam
1173 1023 1321 1069 nitore,
1353 1024 1445 1061 dum
1466 1023 1503 1061 in

83 1078 153 1125 his,
176 1078 222 1116 de
244 1077 386 1128 quibus
408 1077 479 1115 erit
501 1077 699 1127 quaestio,
726 1077 1032 1123 meminerimus,
1056 1091 1136 1116 non
1158 1079 1390 1117 athletarum
1412 1079 1505 1117 toris

83 1135 149 1173 sed
172 1134 335 1172 militum
358 1133 510 1172 lace1tis
531 1145 624 1184 opus
645 1146 750 1181 esse3
785 1146 857 1172 nec
888 1134 1163 1172 versicolorem
1185 1135 1308 1182 illam,
1333 1148 1407 1186 qua
1429 1135 1503 1174 De-

129 1213 180 1244 31.
207 1213 240 1242 et
257 1211 332 1251 ipsa
353 1210 484 1243 bezieht
505 1210 575 1242 sich
594 1209 686 1260 aus§
705 1211 757 1243 28.

129 1266 231 1297 opus,
262 1252 329 1288 ‘die
359 1250 529 1297 Gattung',
564 1255 627 1287 wie
653 1265 758 1296 genus

82 1302 102 1341 ξ
130 1302 187 1333 28;
219 1300 286 1342 vgl.
321 1302 341 1342 ᾗ
374 1302 426 1333 35.
453 1302 504 1333 64.
541 1302 594 1334 67.
626 1302 678 1333 69.
706 1302 757 1332 70.

82 1346 133 1378 72.
159 1346 212 1378 96.
241 1347 314 1378 123.
340 1346 370 1381 2
397 1347 449 1377 21.

171 1393 226 1421 tus
249 1391 312 1428 1e1‘,
339 1388 562 1422 Venit-huma
583 1389 676 1422 eines
696 1390 759 1422 Ge·

80 1400 312 1476 gem
306 1434 490 1477 korrespon
516 1437 578 1466 lert
593 1434 724 1475 miting

79 1481 132 1511 nii
147 1479 290 1519 famam,
308 1479 361 1512 die
381 1479 498 1512 beiden
517 1479 654 1511 inneren
669 1479 758 1512 Glie-

79 1523 137 1557 der
155 1524 423 1564 untereinander,
441 1524 509 1566 vgl.
526 1523 755 1567 l‘hulqdides'

78 1560 269 1611 Aul'serung
306 1569 388 1602 uber
424 1569 496 1601 sein
531 1568 633 1601 Werk
664 1568 685 1609 1,
713 1571 754 1602 22

78 1613 194 1666 κτῆμα
215 1592 266 1646 δὲι3
267 1610 331 1647 εἷς’
313 1616 366 1646 αεὶ
379 1610 552 1667 μᾶλλον”
533 1626 553 1655 η
565 1610 665 1666 ἄγων
668 1625 756 1656 ισμα

79 1658 112 1690 ἐς
124 1656 165 1691 τὸ
179 1659 397 1704 παοαχρῆμα
409 1655 551 1691 ἀκούειν
561 1657 753 1704 σύγκειται.

123 1706 242 1744 evitat,
260 1705 313 1737 eiu
328 1704 487 1745 Conatus,
503 1700 614 1736 sucht
627 1715 667 1736 zu
682 1714 755 1737 ver-

77 1745 232 1781 meiden'.

125 1795 177 1826 32.
208 1797 249 1825 ut
278 1795 369 1826 dizci.
410 1793 463 1833 lV,
489 1795 519 1833 2,
545 1797 605 1827 45:
640 1796 757 1835 Quare

79 1839 225 1870 vitanda
250 1842 300 1870 est
324 1841 430 1870 etiam
455 1839 517 1871 illa
535 1839 755 1871 Sallustiana

77 1884 229 1915 brevitas
253 1887 287 1915 et
303 1885 491 1925 abruptum
512 1886 682 1915 sermonis
694 1895 756 1925 ge-

78 1938 155 1969 nus,
182 1928 276 1970 quod
299 1930 449 1960 oleffosecm
472 1928 624 1966 sortasse
650 1929 753 1961 lecto-

76 1983 150 2004 rem
167 1975 283 2005 mittas
298 1973 413 2014 sallat,
427 1973 626 2005 audientem
639 1976 754 2006 traus-

78 2018 189 2057 oolat,
215 2028 295 2059 nee,
320 2019 402 2050 dum
425 2021 609 2059 repetatur
634 2019 755 2057 (wahr-

77 2062 262 2095 scheinlich
281 2063 363 2095 dum
377 2065 613 2105 percipiatur)
632 2075 754 2105 eac-pec-

76 2110 137 2140 tal.

121 2162 225 2184 aures
250 2162 390 2193 vacuas,
415 2153 473 2185 der
497 2152 684 2195 Gegensatz
711 2153 754 2186 ist

77 2200 285 2240 occupatum
323 2199 432 2229 vat-its
463 2200 752 2239 cogitationibus.

121 2242 354 2295 ineruditum,
407 2239 509 2275 ‘ohne
557 2243 752 2283 Juristische

73 2283 307 2336 Kenntnissess
340 2287 529 2340 iiberhaupt
559 2288 638 2320 aber
666 2289 752 2321 auch

73 2325 173 2364 ohne
197 2327 366 2374 Bildung’‚
392 2342 434 2374 vg
414 2332 458 2365 vl.
483 2332 536 2373 lV,
556 2335 586 2373 2,
604 2335 646 2366 45
673 2344 752 2365 cum

73 2393 118 2398 —
135 2376 286 2408 iudicem
302 2387 389 2408 rura
408 2378 618 2420 plerumque
642 2379 679 2409 in
697 2378 752 2410 cle-

74 2421 194 2452 curz’as
218 2423 371 2456 miltant.
418 2421 465 2454 Da
492 2423 557 2456 seit
577 2423 751 2464 Augustus

73 2464 132 2497 der
164 2465 264 2498 dritte
289 2465 394 2498 Stand
427 2477 467 2500 zu
500 2468 574 2500 dem
601 2467 753 2500 Richter-

73 2514 162 2542 amte
193 2510 391 2552 zugelassen
424 2512 491 2545 und
522 2513 576 2545 die
602 2512 754 2545 Richter-

71 2553 240 2587 Dekurien
266 2565 332 2588 von
357 2555 425 2588 ihm
450 2557 509 2590 aus
528 2561 558 2598 4,
584 2568 650 2590 von
669 2557 754 2590 Cali-

828 1211 906 1252 gula
932 1210 990 1243 auf
1012 1213 1029 1242 5
1057 1212 1225 1244 vermehrt
1256 1222 1386 1253 waren,
1420 1212 1505 1244 auch

828 1265 892 1287 von
919 1255 982 1288 den
1007 1255 1165 1289 Richtern
1191 1256 1289 1289 keine
1309 1257 1504 1298 juristische

829 1299 1037 1342 Vorbildung
1062 1302 1215 1343 verlangt
1241 1301 1370 1340 wurde,
1397 1312 1434 1334 so
1461 1303 1505 1334 ist

827 1344 884 1377 der
899 1345 968 1378 hier
986 1346 1191 1387 gebrauchte
1204 1346 1382 1379 Ausdruck
1402 1347 1505 1379 leicht

827 1389 1015 1423 erklarlich.
1071 1390 1130 1423 Bei
1162 1391 1401 1424 Privatsachen
1433 1397 1501 1424 ent-

827 1435 940 1467 schied
966 1435 1066 1468 meist
1090 1436 1144 1468 ein
1171 1436 1419 1469 Einzelricbter.

871 1480 982 1512 lactea
998 1482 1149 1520 ubertas,
1165 1476 1371 1514 ‘strotzende
1386 1478 1503 1522 Ftille',

826 1524 892 1566 vgl.
920 1526 940 1567 ξ
965 1527 1021 1557 tot
1052 1526 1118 1558 und
1142 1526 1177 1565 ll,
1197 1528 1227 1565 5,
1251 1528 1305 1559 19:
1333 1537 1395 1568 ego
1415 1528 1504 1568 opti-

824 1579 898 1601 mos
923 1570 1062 1611 quidem
1088 1574 1120 1603 el
1142 1573 1263 1603 statim
1298 1574 1331 1603 et
1360 1582 1504 1613 semper,

823 1615 885 1646 sed
914 1617 1029 1647 lamen
1061 1626 1182 1648 eorum
1215 1617 1504 1648 candidissimum

824 1670 994 1702 quemque
1011 1663 1044 1692 et
1059 1663 1214 1693 maaeime
1234 1663 1433 1703 expositum
1451 1672 1504 1693 ve-

824 1705 903 1746 lim,
941 1708 980 1737 ut
1010 1705 1151 1738 Livium
1183 1718 1203 1738 a
1233 1709 1357 1748 pueris
1390 1708 1504 1748 magis

826 1760 930 1791 qnam
956 1750 1175 1784 Sallusttthm

868 1797 1017 1837 speciem
1039 1798 1284 1847 eoepositeonc‘s,
1309 1791 1424 1828 ‘Glanz
1446 1795 1504 1828 der

825 1837 1060 1882 Daistellung',
1092 1844 1394 1883 entgegengesetzt
1427 1841 1503 1873 dem

825 1884 1008 1917 Bestreben
1039 1895 1079 1917 zu
1105 1886 1332 1927 tiberzeugem
1367 1885 1502 1917 ahnlieh

824 1930 843 1967 ξ
871 1931 910 1962 31
940 1930 987 1961 ad
1009 1931 1231 1963 narrandum
1256 1941 1327 1962 non
1352 1931 1399 1962 ad
1417 1941 1501 1972 pro-

822 1974 986 2006 bandum.

870 2022 922 2052 33.
949 2019 994 2051 Μ.
1025 2019 1170 2061 Tullius,
1198 2019 1287 2052 Orat.
1317 2021 1366 2060 12,
1385 2022 1426 2052 39
1452 2020 1501 2052 al-

825 2067 877 2095 ter
899 2063 1144 2107 (Thucydides)
1174 2066 1360 2097 incitatior
1383 2065 1501 2104 fertur

823 2112 856 2140 et
887 2109 928 2141 (le
959 2109 1092 2141 bellicis
1123 2111 1227 2141 rebus
1263 2112 1360 2142 canit
1394 2112 1500 2142 etiam

823 2154 1078 2195 quodammodo
1093 2155 1265 2187 bellicum.
1297 2157 1345 2196 19,
1360 2157 1418 2188 62:
1436 2155 1500 2187 Xe-

822 2200 1012 2241 nophontis
1036 2210 1120 2231 voce
1137 2199 1256 2232 Musas
1280 2203 1382 2242 quasi
1408 2200 1500 2232 locu-

822 2247 875 2276 tas
898 2244 1038 2283 serant:
1063 2245 1129 2286 vgl.
1157 2246 1176 2286 ξ
1203 2247 1256 2278 73.
1284 2246 1337 2278 82.

866 2299 1091 2332 quamquam,
1109 2290 1169 2322 mit
1186 2290 1260 2322 dem
1278 2289 1499 2330 Konjunktiv,

821 2344 846 2367 s.
874 2333 1067 2376 Einleitung
1093 2333 1126 2367 S.
1158 2337 1206 2367 14.

866 2380 1080 2411 athletarum
1094 2398 1137 2403 —
1151 2379 1304 2419 lacertis,
1323 2379 1388 2421 vgl.
1409 2380 1428 2419 ξ
1445 2381 1496 2417 77,

823 2434 876 2456 wo
891 2435 974 2456 earo
990 2424 1056 2456 und
1070 2425 1195 2456 lacerti
1204 2423 1362 2456 einander
1375 2433 1499 2466 gegen-

822 2468 1044 2510 fibergestellt
1070 2468 1154 2501 sind.

868 2513 1113 2545 versicolorem
1140 2517 1278 2554 vestem,
1300 2523 1358 2545 zur
1380 2512 1497 2545 Erkla-

822 2568 907 2600 rung
936 2559 1004 2600 vgl.
1031 2557 1111 2599 Vlll,
1137 2558 1288 2592 Prooem.
1315 2559 1356 2590 20
1383 2561 1498 2590 trans-

1539 578 1576 609 32
